@article{Mayes_etal_AR03,
	title = "Prevalence, incidence, survival, and disease characteristics of systemic sclerosis in a large US population",
	author = "M. Mayes and J. Lacey and J. Beebe-{D}immer and B. Gillespie and B. Cooper and T. Laing and D. Schottenfeld",
	journal = "Arthritis Rheum",
	volume = 48,
	pages = "2246-55",
	year = 2003
}

