@inproceedings{Agarwal_Triggs_ECCV04,
	author = "A. Agarwal and B. Triggs",
	title = "Tracking Articulated Motion using a Mixture of Autoregressive Models",
	booktitle = ECCV,
	publisher = "Springer LNCS 3023",
	pages = "54--65",
	year = 2004
}

@inproceedings{Brand_AIS99,
	author = "M. Brand",
	title = "Pattern discovery via entropy minimization",
	booktitle = "Uncertainty",
	year = 1999
}

@inproceedings{Brand_ICCV99,
	author = "M. Brand",
	title = "Shadow Puppetry",
	booktitle = ICCV,
	volume = 2,
	pages = "1237--1244",
	year = 1999
}

@article{Brand_Kettnaker_PAMI00,
	author = "M. Brand and V. Kettnaker",
	title = "Discovery and Segmentation of Activities in Video",
	journal = PAMI,
	year = 2000
}

@techreport{Brand_TR97,
	author = "M. Brand",
	title = "Learning concise models of human activity from ambient video via a structure-inducing M-step estimator",
	year = 1997
}

@inproceedings{Bregler_CVPR97,
	author = "C. Bregler",
	title = "Learning and Recognizing Human Dynamics in Video Sequences",
	booktitle = CVPR,
	pages = "568--574",
	year = 1997
}

% see Edwards_etal_AFGR98b

@inproceedings{Isard_Blake_ICCV98,
	author = "M. Isard and A. Blake",
	title = "A mixed-state {ConDensAtion} tracker with automatic model-switching",
	booktitle = ICCV,
	year = 1998
}

@article{North_etal_PAMI00,
	author = "B. North and A. Blake and M. Isard and J. Rittscher",
	title = "Learning and Classification of Complex Dynamics",
	journal = PAMI,
	year = 2000
}

@inproceedings{Pavlovic_etal_ICCV99,
	author = "V. Pavlovic and J. Rehg and T.-J. Cham and K. Murphy",
	title = "A Dynamic {B}ayesian Network Approach to Figure Tracking Using Learned Dynamic Models",
	booktitle = ICCV,
	volume = 1,
	pages = "94--101",
	year = 1999
}

@inproceedings{Sidenbladh_etal_ECCV02,
	author = "H. Sidenbladh and M. Black and L. Sigal",
	title = "Implicit Probabilistic Models of Human Motion for Synthesis and Tracking",
	booktitle = ECCV,
	volume = 1,
	pages = "784--800",
	publisher = "Springer LNCS 2350",
	year = 2002
}

