@article{Belkin_Nigoyi_NC03,
	title = "Laplacian Eigenmaps for Dimensionality Reduction and Data Representation",
	author = "M. Belkin and P. Nigoyi",
	journal = NC,
	volume = 15,
	pages = "1373--1396",
	year = 2003
}

@book{Breiman_etal_84,
	title = "Classification and Regression Trees",
	author = "L. Breiman and J. Friedman and C. J. Stone and R. A. Olshen",
	publisher = "Chapman and Hall",
	year = 1984,
	note: = "ISBN 0412048418"
}

@article{Breiman_ML01,
	title = "Random Forests",
	author = "L. Breiman",
	journal = ML,
	volume = 45,
	pages = "5--32",
	year = 2001
}

@inproceedings{Faul_Tipping_NIPS01,
	title = "Analysis of sparse {B}ayesian learning",
	author = "A. C. Faul and M. E. Tipping",
	booktitle = NIPS,
	year = 2001
}

@article{Freund_Schapire_JJSAI99,
	title = "A short introduction to boosting",
	author = "Y. Freund and R. E. Schapire",
	journal = JJSAI,
	volume = 14,
	number = 5,
	pages = "771--780",
	month = sep,
	year = 1999
}

@article{Friedman_AoS01,
	title = "Greedy Function Approximation: A Gradient Boosting Machine",
	author = "J. H. Friedman",
	journal = AoS,
	volume = 29,
	number = 5,
	pages = "1189--1232",
	year = 2001
}

@book{Hastie_etal_09,
	title = "The Elements of Statistical Learning",
	author = "T. Hastie and R. Tibshirani and J. Friedman",
	publisher = "Springer",
	year = 2009,
	notes = "ISBN 978-0-387-84857-0"
}

@inproceedings{Lapedes_Farber_NIPS88,
  author = "A. Lapedes and R. Farber",
  title = "How neural networks work",
  booktitle = NIPS87,
  publisher = AIP,
  editor = "D. Anderson",
  pages = "442--456",
  year = 1988
}
@article{MacKay_NC92a,
	title = "Bayesian interpolation",
	author = "D. J. C. MacKay",
	journal = NC,
	volume = 4,
	number = 3,
	pages = "415--447",
	year = 1992
}

@article{MacKay_NC92b,
	title = "Information-based objective functions for active data selection",
	author = "D. J. C. MacKay",
	journal = NC,
	volume = 4,
	number = 4,
	pages = "589--603",
	year = 1992
}

@article{MacKay_NC92c,
	title = "A Practical Bayesian Framework for Backprop Networks",
	author = "D. J. C. MacKay",
	journal = NC,
	volume = 4,
	number = 3,
	pages = "448--472",
	year = 1992
}

@article{MacKay_NC92d,
	title = "The evidence framework applied to classification networks",
	author = "D. J. C. MacKay",
	journal = NC,
	volume = 4,
	number = 5,
	pages = "698--714",
	year = 1992
}

@article{Roweis_Saul_SCI00,
	author = "S. Roweis and L. Saul",
	title = "Nonlinear Dimensionality Reduction by Locally Linear Embedding",
	journal = Science,
	year = 2000
}

@article{Tenenbaum_etal_Sci00,
	title = "A global geometric framework for nonlinear dimensionality reduction",
	author = "J. B. Tenenbaum and V. {de} Silva and J. C. Langford",
	journal = Science,
	volume = 290,
	pages = "2319--2323",
	month = dec,
	year = 2000
}

@article{Tipping_Bishop_JRSSB99,
	author = "M. Tipping and C. Bishop",
	title = "Probabilistic Principal Component Analysis",
	journal = JRSSB,
	volume = 61,
	number = 3,
	pages = "611--622",
	year = 1999
}

@article{Tipping_Bishop_NC99,
	author = "M. Tipping and C. Bishop",
	title = "Mixtures of Probabilistic Principal Component Analysers",
	journal = NC,
	volume = 11,
	number = 2,
	pages = "443--482",
	year = 1999
}

@inproceedings{Tipping_Faul_AIS03,
	title = "Fast marginal likelihood maximisation for sparse {B}ayesian models",
	author = "M. E. Tipping and A. C. Faul",
	booktitle = AIS,
	year = 2003
}

@article{Tipping_JMLR01,
	author = "M. Tipping",
	title = "Sparse Bayesian Learning and the Relevance Vector Machine",
	journal = JMLR,
	year = 2001
}

@inproceedings{Tipping_NIPS00,
	author = "M. Tipping",
	title = "The {R}elevance {V}ector {M}achine",
	booktitle = NIPS,
	pages = "652--658",
	year = 2000
}

@techreport{Yedidia_etal_TR00,
	author = "J. Yedidia and W. Freeman and Y. Weiss",
	title = "Generalized Belief Propagation",
	year = 2000
}

@inproceedings{Freund_Schapire_ECCLT95,
  title = "A decision-theoretic generalization of on-line learning and an application to boosting",
  author = "Y. Freund and R. Schapire",
  booktitle = "European Conference on Computational Learning Theory",
  month = mar,
  year = 1995
}