@article{Ashraf_etal_IVC09,
	title = "The painful face -- {P}ain expression recognition using active appearance models",
	author = "A. B. Ashraf and S. Lucey and J. F. Cohn and T. Chen and Z. Ambadar and K. M. Prkachin",
	journal = IVC,
	volume = 27,
	pages = "1788--1796",
	year = 2009
}

@article{Avidan_TPAMI04,
	title = "Support Vector Tracking",
	author = "S. Avidan",
	journal = TPAMI,
	volume = 26,
	number = 8,
	pages = "1064--1072",
	month = aug,
	year = 2004
}

@inproceedings{Baumberg_Hogg_BMVC95,
	title = "An adaptive eigenshape model",
	author = "A. Baumberg and D. Hogg",
	booktitle = BMVC,
	year = 1995
}

% see Baumberg_Hogg_IVC96

@article{Baumberg_Hogg_IVC96,
	title = "Generating spatiotemporal models from examples",
	author = "A. Baumberg and D. Hogg",
	journal = IVC,
	volume = 14,
	number = 8,
	pages = "525--532",
	year = 1996
}

@inproceedings{Behiels_etal_MICCAI99,
   title = "Active shape model-based segmentation of digital {X-ray} images",
   author = "G. Behiels and  D. Vandermeulen and F. Maes and P. Suetens and P. Dewaele",
   booktitle = MICCAI,
   pages     = "128--137",
   year      = 1999
}

@article{Beichel_etal_TMI05,
	title = "Robust Active Appeareance Models and Their Application to Medical Image Analysis",
	author = "R. Beichel and H. Bischof and F. Leberl and M. Sonka",
	journal = TPAMI,
	volume = 24,
	number = 9,
	pages = "1151--1169",
	month = sep,
	year = 2005
}

@book{Dryden_Mardia_98,
	title = "Statistical shape analysis",
	author = "I. L. Dryden and K. V. Mardia",
	publisher = "WileyBlackwell",
	year = 1998,
	note = "ISBN 0471958166"
}

@article{Gao_etal_TSMC10,
	title = "A Review of Active Appearance Models",
	author = "X. Gao and Y. Su and X. Li and D. Tao",
	journal = TSMCc,
	volume = 40,
	number = 2,
	pages = "145--158",
	month = mar,
	year = 2010
}

@inproceedings{Hamarneh_Gustavsson_BMVC01,
	title = "Deformable spatio-temporal shape models: {E}xtending {ASM} to {2D}+time",
	author = "G. Hamarneh and T. Gustavsson",
	booktitle = BMVC,
	year = 2001
}

% see Heap_Hogg_IVC96


@article{Heap_Hogg_IVC96,
	title = "Extending the point distribution model using polar co-ordinates",
	author = "T. Heap and D. Hogg",
	journal = IVC,
	volume = 14,
	number = 8,
	pages = "589--599",
	month = aug,
	year = 1996
}

@inproceedings{Karaolani_etal_AVC89,
	title = "A finite element method for deformable models",
	author = "P. Karaolani and G. D. Sullivan and K. D. Baker and M. J. Baines",
	booktitle = AVC,
	year = 1989
}

@article{Kass_etal_IJCV88,
	title = "Snakes: {A}ctive contour models",
	author = "M. Kass and A. Witkin and D. Terzopoulos",
	journal = IJCV,
	volume = 1,
	number = 4,
	pages = "321--331",
	month = jan,
	year = 1988
}

@article{Lee_Kim_SPL08,
	title = "Tensor-Based Active Appearance Model",
	author = "H.-S. Lee and D. Kim",
	journal = SPL,
	volume = 15,
	pages = "565--568",
	year = 2008
}

@inproceedings{Lekadir_Yang_MICCAI08,
   title     = "Optimal Feature Point Selection and Automatic Initialisation in Active Shape Model Search",
   author    = "K. Lekadir and G.-Z. Yang",
   booktitle = MICCAI,
   volume    = "I",
   pages     = "434--441",
   year      = 2008
}

@article{Lin_Wu_TIP99,
	title = "Automatic facial feature extraction by genetic algorithms",
	author = "C.-H. Lin and J.-L. Wu",
	journal = TIP,
	volume = 8,
	number = 6,
	pages = "834--845",
	month = jun,
	year = 1999
}

@inproceedings{Messer_etal_AVBPA99,
  author = "K. Messer and J. Matas and J. Kittler and J. Luettin and G. Maitre",
  title = "{XM2VTSDB}: {T}he extended {M2VTS} database",
  booktitle = AVBPA,
  year = 1999
}

@article{Nelder_Mead_CJ65,
  author = "J. A. Nelder and R. Mead",
  title = "A Simplex Method for Function Minimization",
  journal = "Computer Journal",
  volume = 7,
  year = 1965,
  pages = "308--313"
}

@book{Ponce_etal_06,
   title = "Towards Category-Level Object Recognition",
   editor = "J. Ponce and M. Hebert and C. Schmid and A. Zisserman",
   publisher = "Springer-Verlag",
   year = 2006
}

@inproceedings{Qu_etal_SPIEMI08,
  author = "W. Qu and X. Huang and Y. Jia",
  title = "Segmentation in noisy medical images using {PCA} model based particle filtering",
  booktitle = SPIEMI,
  year = 2008
}

@article{Schwarz_etal_CinC07,
  author = "T. Schwarz and T. Heimann and I. Wolf and H. P. Meinzer",
  title = "{3D} heart segmentation and volumetry using deformable shape models",
  journal = "Computers in Cardiology",
  volume = 34,
  pages = "741--744",
  year = 2007
}

@inproceedings{Sherrah_etal_BMVC99,
	title = "Understanding pose discrimination in similarity space",
	author = "J. Sherrah and S. Gong and E.-J. Ong",
	booktitle = BMVC,
	year = 1999
}

@inproceedings{Wimmer_etal_AFGR08b,
	title = "An ASM Fitting Method Based on Machine Learning that Provides a Robust Parameter Initialization for AAM Fitting",
	author = "M. Wimmer and S. Fujie and F. Stulp and T. Kobayashi and B. Radig",
	booktitle = AFGR,
	year = 2008
}

@article{Xu_etal_TPAMI08,
	title = "A hierarchical compositional model for face representation and sketching",
	author = "Z. Xu and S.-C. Zhu and J. Luo",
	journal = TPAMI,
	volume = 30,
	number = 6,
	pages = "955--969",
	month = jun,
	year = 2008
}

@article{Yuille_etal_IJCV92,
	title = "Feature extraction from faces using deformable templates",
	author = "A. L. Yuille and P. W. Hallinan and D. S. Cohen",
	journal = IJCV,
	volume = 8,
	number = 2,
	pages = "99--111",
	year = 1992
}

@article{Gao_etal_CAVW10,
	title = "Automatic construction of {3D} animatable facial avatars",
	author = "Y. Gao and Q. Zhao and A. Hao and T. M. Sezgin and N. A. Dodgson",
	journal = CAVW,
	volume = 21,
	pages = "343--354",
	month = may,
	year = 2010
}@article{Goodall_JRSSB91,
	title = "Procrustes methods in the Statistical Analysis of Shape",
	author = "C. Goodall",
	journal = JRSSB,
	volume = 53,
	number = 2,
	pages = "285--339",
	year = 1991
}

@inproceedings{Bailly-Bailliere_etal_AVBPA03,
	title = "The {BANCA} database and evaluation protocol",
	author = "E. Bailly-Bailliere and S. Bengio and F. Bimbot and M. Havouz and J. Kittler and J. Mariethoz and J. Matas and K. Messer and V. Popovici and F. Poree and B. Ruiz and J.-P. Thiran",
	booktitle = AVBPA,
	year = 2003
}

@inproceedings{Lienhart_Maydt_ICIP02,
	title = "An Extended Set of Haar-like Features for Rapid Object Detection",
	author = "R. Lienhart and J. Maydt",
	booktitle = ICIP,
	year = 2002
}

@article{Gower_Psychometrika75,
	title = "Generalized {P}rocrustes analysis",
	author = "G. C. Gower",
	journal = "Psychometrika",
	volume = 40,
	number = 1,
	year = 1975
}

@article{Lowe_TPAMI91,
	title = "Fitting parameterized three-dimensional models to images",
	author = "D. G. Lowe",
	journal = TPAMI,
	volume = 13,
	number = 5,
	pages = "441--450",
	month = may,
	year = 1991
}

@article{Staib_Duncan_TPAMI92,
	title = "Boundary finding with parametrically deformable models",
	author = "L. H. Staiba and J. S. Duncan",
	journal = TPAMI,
	volume = 14,
	number = 11,
	pages = "1061--1075",
	month = nov,
	year = 1992
}

% Staib_Duncan_CVPR89: see Staib_Duncan_TPAMI92

@techreport{Ahlberg_TR01,
	title = "{CANDIDE-3} -- {A}n updated parameterized face",
	author = "J. Ahlberg",
	number = {LiTH-ISY-R-2326},
	institution = "Dept. of {E}lectrical Engineering, Link{\"o}ping University, Sweden",
	year = 2001
}@incollection {Chan_etal_AiB07,
   author = {Chan, Chi-Ho and Kittler, Josef and Messer, Kieron},
   affiliation = {Centre for Vision, Speech and Signal Processing, University of Surrey United Kingdom},
   title = {Multi-scale Local Binary Pattern Histograms for Face Recognition},
   booktitle = {Advances in Biometrics},
   series = {Lecture Notes in Computer Science},
   editor = {Lee, Seong-Whan and Li, Stan},
   publisher = {Springer Berlin / Heidelberg},
   isbn = {978-3-540-74548-8},
   keyword = {Computer Science},
   pages = {809-818},
   volume = {4642},
   url = {http://dx.doi.org/10.1007/978-3-540-74549-5_85},
   year = {2007}
}@INPROCEEDINGS{Kockmann_etal_Interspeech10,
  title = {Prosodic Speaker Verification using Subspace Multinomial Models with Intersession Compensation},
  author = {Kockmann, M.  and Burget, L.  and Glembek, O.  and Ferrer, Luciana and Cernocky, J. },
  booktitle = {Proceedings of the 11th Annual Conference of the International Speech Communication Association (INTERSPEECH 2010)},
  year = {2010},
  pages = {1061--1064},
  location = {Makuhari, Chiba, Japan, JP},
  issn = {1990-9772},
  url = {http://www.fit.vutbr.cz/research/view_pub.php?id=9360},
  language={english},
}@INPROCEEDINGS {kockmann_etal_ICASSP10,
  title = {Investigations into prosodic syllable contour features for speaker recognition},
  author = {Kockmann, M.  and Burget, L.  and Cernocky, J. },
  booktitle = {Proc. International Conference on Acoustics, Speech, and Signal Processing},
  year = {2010},
  pages = {4418--4421},
  location = {Dallas, USA},
  issn = {1520-6149},
  url = {http://www.fit.vutbr.cz/research/view_pub.php?id=9310},
}
@article{Poh_Kittler_TPAMI11,
	title = "A unified framework for biometric exprt fusion incorporating quality measures",
	author = "N. Poh and J. Kittler",
	journal = TPAMI,
	year = 2011,
	note = "DOI: 10.1109/TPAMI.2011.102"
}

@inproceedings{Brand_Bhotika_CVPR01,
	author = "M. Brand and R. Bhotika",
	title = "Flexible flow for 3{D} nonrigid tracking and shape recovery",
	booktitle = CVPR,
	volume = 1,
	pages = "315--324",
	year = 2001
}

@inproceedings{Brand_CVPR01,
	author = "M. Brand",
	title = "Morphable 3{D} models from video",
	booktitle = CVPR,
	volume = 2,
	pages = "456--463",
	year = 2001
}

@inproceedings{Bregler_etal_CVPR00,
	author = "C. Bregler and A. Hertzmann and H. Biermann",
	title = "Recovering Non-Rigid 3{D} Shape from Image Streams",
	booktitle = CVPR,
	pages = "690--696",
	year = 2000
}

@inproceedings{DelBue_CVPR08,
	title = "A factorization approach to structure from motion with shape priors",
	author = "A. Del {B}ue",
	booktitle = CVPR,
	year = 2008
}

@inproceedings{Hu_etal_BMVC04,
	title = "Fitting a single active appearance model simultaneously to multiple images",
	author = "C. Hu and J. Xiao and I. Matthews and S. Baker and J. E. Cohn and T. Kanade",
	booktitle = BMVC,
	year = 2004
}

@article{Morita_Kanade_PAMI97,
	author = "T. Morita and T. Kanade",
	title = "A Sequential Factorization Method for Recovering Shape and Motion From Image Streams",
	journal = PAMI,
	volume = 19,
	number = 8,
	pages = "858--867",
	month = aug,
	year = 1997
}

@inproceedings{Torresani_etal_CVPR01,
	author = "L. Torresani and D. Yang and E. Alexander and C. Bregler",
	title = "Tracking and Modeling Non-rigid Objects with Rank Constraints",
	booktitle = CVPR,
	volume = 1,
	pages = "493--500",
	year = 2001
}

@inproceedings{Torresani_etal_NIPS03,
	author = "L. Torresani and C. Bregler",
	title = "Learning Non-rigid 3{D} Shape from 2{D} Motion",
	booktitle = NIPS,
	year = 2003
}

@inproceedings{Torresani_Hertzmann_ECCV04,
	author = "L. Torresani and A. Hertzmann",
	title = "Automatic Non-Rigid 3{D} Modeling from Video",
	booktitle = ECCV,
	year = 2004
}

@inproceedings{Xiao_etal_ICCV05,
	title = "Uncalibrated perspective reconstruction of deformable structures",
	author = "J. Xiao and T. Kanade",
	booktitle = ICCV,
	year = 2005
}

@article{Xiao_etal_IJCV06,
	title = "A closed-form solution to non-rigid shape and motion recovery",
	author = "J. Xiao and J. Chai and T. Kanade",
	journal = IJCV,
	volume = 67,
	number = 2,
	pages = "233--246",
	year = 2006
}

@article{Bookstein_TPAMI89,
	title = "Principal warps: {T}hin-plate splines and the decomposition of deformations",
	author = "F. L. Bookstein",
	journal = TPAMI,
	volume = 11,
	number = 6,
	pages = "567--585",
	month = jun,
	year = 1989
}

@article{Zitova_Flusser_IVC03,
	title = "Image registration methods: a survey",
	author = "B. Zitova and J. Flusser",
	journal = IVC,
	volume = 21,
	pages = "977--1000",
	year = 2003
}

% Heisele_ICCV01: See Heisele_etal_CVIU03

@article{Moghaddam_PAMI02,
	author = "B. Moghaddam",
	title = "Principal Manifolds and Probabilistic Subspaces for Visual Recognition",
	journal = PAMI,
	volume = 24,
	number = 6,
	pages = "780--788",
	month = jun,
	year = 2002
}

@inproceedings{Coughlan_Ferreira_ECCV02,
	author = "J. Coughlan and S. Ferreira",
	title = "Finding Deformable Shapes Using Loopy Belief Propagation",
	booktitle = ECCV,
	volume = 3,
	pages = "453--468",
	year = 2002
}

@inproceedings{Crandall_etal_CVPR05,
  author = "D. Crandall and P. Felzenszwalb and D. Huttenlocher",
  title = "Spatial priors for part-based recognition using statistical models",
  booktitle = CVPR,
  volume = 1,
  year = 2005
}

@inproceedings{Donner_etal_BMVC07,
   title     = "Sparse {MRF} Appearance Models for Fast Anatomical Structure Localisation",
   author    = "R. Donner and B. Micusik and G. Langs and H. Bischof",
   booktitle = BMVC,
   volume    = 2,
   pages     = "1080--1089",
   year      = 2007
}

@article{Kolmogorov_TPAMI06,
  author = "V. Kolmogorov",
  title = "Convergent tree-reweighted message passing for energy minimization",
  journal = TPAMI,
  volume = 28,
  number = 10,
  pages = "1568--1583",
  year = 2006
}

@inproceedings{Schmid_Magnenat-Thalmann_MICCAI08,
  author = "J. Schmid and N. Magnenat-Thalmann",
  title = "{MRI} bone segmentation using deformable models and shape priors",
  booktitle = MICCAI,
  year = 2008
}

@article{Shekhovtsov_etal_CVIU08,
  author = "A. Shekhovtsov and I. Kovtun and V. Hlavac",
  title = "Efficient {MRF} deformation model for non-rigid image matching",
  journal = CVIU,
  volume = 112,
  number = 1,
  pages = "91--99",
  year = 2008
}@article{Dempster_Biometrics72,
	title = "Covariance Selection",
	author = "A. P. Dempster",
	journal = "Biometrics",
	volume = 28,
	number = 1,
	pages = "157--175",
	month = mar,
	year = 1972
}

@inproceedings{Gu_etal_CVPR07,
	title = "Learning {GMRF} structures for spatial priors",
	author = "L. Gu and E. P. Xing and T. Kanade",
	booktitle = CVPR,
	year = 2007
}

@inproceedings{Carreira-Perpinan_Lu_CVPR08,
	title = "Dimensionality reduction by unsupervised regression",
	author = "M. A. Carreira-Perpinan and Z. Lu",
	booktitle = CVPR,
	year = 2008
}

@inproceedings{Kahraman_etal_WBiom07,
	title = "An Active Illumination and Appearance ({AIA}) Model for Face Alignment",
	author = {F. Kahraman and M. G\"{o}kmen and S. Darkner and R. Larsen},
	booktitle = WBiom,
	year = 2007
}

@inproceedings{Kahraman_etal_WBiom07b,
	title = "Robust face alignment for illumination and pose invariant face recognition",
	author = {F. Kahraman and B. Kurt and M. G\"{o}kmen},
	booktitle = WBiom,
	year = 2007
}

@inproceedings{Pizarro_etal_CVPR08,
	title = "Light-invariant fitting of active appearance models",
	author = "D. Pizarro and J. Peyras and A. Bartoli",
	booktitle = CVPR,
	year = 2008
}

@inproceedings{Brunet_etal_WSM09,
	title = "Learning Good Features for Active Shape Models",
	author = "N. Brunet and F. Perez and F. De la {T}orre",
	booktitle = WSM,
	year = 2009
}

@inproceedings{Chen_etal_CVPR08,
	title = "A Robust Descriptor based on Weber's Law",
	author = "J. Chen and S. Shan and G. Zhao and X. Chen and W. Gao and M. Pietikainen",
	booktitle = CVPR,
	year = 2008
}

@inproceedings{Crow_Siggraph84,
	title = "Summed-Area tables for texture mapping",
	author = "F. C. Crow",
	booktitle = siggraph,
	volume = 18,
	month = jul,
	year = 1984
}

@inproceedings{DelaTorre_etal_CVPR07,
	title = "Filtered component analysis to increase robustness to local minima in appearance models",
	author = "F. De la {T}orre and A. Collet and M. Quero and J. F. Cohn and T. Kanade",
	booktitle = CVPR,
	year = 2007
}

@inproceedings{DelaTorre_Nguyen_CVPR08,
	title = "Parameterized kernel principal component analysis: {T}heory and applications to supervised and unsupervised image alignment",
	author = "F. De la {T}orre and M. H. Nguyen",
	booktitle = CVPR,
	year = 2008
}

@article{Freeman_Adelson_TPAMI91,
	title = "The design and use of steerable filters",
	author = "W. T. Freeman and E. H. Adelson",
	journal = TPAMI,
	volume = 13,
	number = 9,
	pages = "891--906",
	month = sep,
	year = 1991
}

@inproceedings{Harris_Stephens_AVC88,
	title = "A combined corner and edge detector",
	author = "C. Harris and M. Stephens",
	booktitle = AVC,
	year = 1988
}

@inproceedings{Kadir_etal_ECCV04,
	author = "T. Kadir and A. Zisserman and M. Brady",
	title = "An Affine invariant Salient Region Detector",
	booktitle = ECCV,
	volume = 1,
	pages = "228--241",
	year = 2004
}

@article{Lades_etal_TComp93,
	title = "Distortion invariant object recognition in the dynamic link architecture",
	author = {M. Lades and J. C. Vorbu\"{u}ggen and J. Buhmann and J\"{o}rg Lange and C. {v.d. M}alsburg and R. P. W\"{u}rtz and W. Konen},
	journal = TComp,
	volume = 42,
	number = 3,
	pages = "300--310",
	month = mar,
	year = 1993
}

@article{Lowe_IJCV04,
	title = "Distinctive image features from scale-invariant keypoints",
	author = "D. Lowe",
	journal = IJCV,
	volume = 60,
	number = 2,
	pages = "91--110",
	year = 2004
}

@inproceedings{Lu_etal_SPIE98,
	title = "Image Manifolds",
	author = "H.-M. Lu and Y. Fainman and R. Hecht-{N}elson",
	booktitle = "Proc. {SPIE} Symposium on Electronic Imaging: Science and Technology",
	year = 1998
}

@inproceedings{McKenna_etal_AVBPA97,
	title = "Tracking facial feature points with {Gabor} wavelets and shape models",
	author = "S. J. McKenna and S. Gong and R. P. Wurtz and J. Tanner and D. Banin",
	booktitle = AVBPA,
	year = 1997
}

@inproceedings{Nguyen_DelaTorre_AFGR08,
	title = "Learning image alignment without local minima for face detection and tracking",
	author = "M. H. Nguyen and F. De la {T}orre",
	booktitle = AFGR,
	year = 2008
}

@inproceedings{Nguyen_DelaTorre_CVPR08,
	title = "Local minima free parameterized appearance models",
	author = "M. H. Nguyen and F. De la {T}orre",
	booktitle = CVPR,
	year = 2008
}

@inproceedings{Roth_Black_CVPR05,
	title = "Field of Experts: {A} framework for learning image priors",
	author = "S. Roth and M. J. Black",
	booktitle = CVPR,
	year = 2005
}

@article{Schmid_Mohr_TPAMI97,
	title = "Local grayvalue invariants for image retrieval",
	author = "C. Schmid and R. Mohr",
	journal = TPAMI,
	volume = 19,
	number = 5,
	pages = "530--535",
	month = may,
	year = 1997
}

@inproceedings{Scott_etal_IPMI03,
	title = "Improving appearance model matching using local image structure",
	author = "I. M. Scott and T. F. Cootes and C. J. Taylor",
	booktitle = IPMI,
	year = 2003
}

@inproceedings{Vasilescu_Terzopoulos_ECCV02,
	title = "Multilinear analysis of image ensembles: {T}ensor{F}aces",
	author = "M. A. O. Vasilescu and D. Terzopoulos",
	booktitle = ECCV,
	year = 2002
}

@article{Viola_Wells_IJCV97,
	title = "Alignment by Maximization of Mutual Information",
	author = "P. Viola and W. M. Wells {III}",
	journal = IJCV,
	volume = 24,
	number = 2,
	pages = "137--154",
	year = 1997
}

@inproceedings{Walker_etal_BMVC98,
	title = "Locating salient object features",
	author = "K. N. Walker and T. F. Cootes and C. J. Taylor",
	booktitle = BMVC,
	year = 1998
}

% see Walker_etal_IVC02

@article{Walker_etal_IVC02,
	title = "Automatically building appearance models from image sequences using salient features",
	author = "K. N. Walker and T. F. Cootes and C. J. Taylor",
	journal = IVC,
	volume = 20,
	number = "5-6",
	pages = "435--440",
	month = apr,
	year = 2002
}

@article{Wimmer_etal_TPAMI08,
	title = "Learning local objective functions for robust face model fitting",
	author = "M. Wimmer and F. Stulp and S. Pietzsch and B. Radig",
	journal = TPAMI,
	volume = 30,
	number = 8,
	pages = "1357--1370",
	month = aug,
	year = 2008
}

@article{Ojala_etal_TPAMI02,
	title = "Multiresolution gray-scale and rotation invariant texture classification with local binary patterns",
	author = "T. Ojala and M. Pietik{\"a}inen and T. Maenpaa",
	journal = TPAMI,
	volume = 24,
	number = 7,
	pages = "971--987",
	month = jul,
	year = 2002
}

@article{Ojala_etal_PR96,
	title = "A comparative study of texture measures with classification based on feature distributions",
	author = "T. Ojala and M. Pietik{\"a}inen and D. Harwood",
	journal = PR,
	volume = 29,
	number = 1,
	pages = "51--59",
	year = 1996
}

@inproceedings{Zabih_Woodfill_ECCV94,
	title = "Non-parametric local transforms for computing visual correspondence",
	author = "R. Zabih and J. Woodfill",
	booktitle = ECCV,
	year = 1994
}

@article{Ahonen_etal_TPAMI06,
	title = "Face description with {L}ocal {B}inary {P}atterns: {A}pplication to face recognition",
	author = "T. Ahonen and A. Hadid and M. Pietik{\"a}inen",
	journal = TPAMI,
	volume = 28,
	number = 12,
	pages = "2037--2041",
	month = dec,
	year = 2006
}

@article{Belhumeur_etal_TPAMI97,
	title = "Eigenfaces vs. {F}isherfaces: {R}ecognition using class specific linear projection",
	author = "P. N. Belhumeur and J. P. Hespanha and D. J. Kriegman",
	journal = TPAMI,
	volume = 19,
	number = 7,
	pages = "711--720",
	month = jul,
	year = 1997
}

@article{Bischof_etal_CVIU04,
	title = "Illumination insensitive recognition using eigenspaces",
	author = "H. Bischof and H. Wildenauer and A. Leonardis",
	journal = CVIU,
	volume = 95,
	pages = "86--104",
	year = 2004
}

@article{Black_Jepson_IJCV98,
	title = "Eigen{T}racking: {R}obust Matching and Tracking of Articulated Objects Using a View-Based Representation",
	author = "M. J. Black and A. D. Jepson",
	journal = IJCV,
	volume = 26,
	number = 1,
	pages = "63--84",
	year = 2004
}

@article{DelaTorre_Black_CVIU03,
	title = "Robust parameterized component analysis: theory and applications to {2D} facial appearance models",
	author = "F. De la Torre and M. J. Black",
	journal = CVIU,
	volume = 91,
	pages = "53--71",
	year = 2003
}

@article{DelaTorre_Black_IJCV03,
	title = "A Framework for Robust Subspace Learning",
	author = "F. De la Torre and M. J. Black",
	journal = IJCV,
	volume = 54,
	number = "1/2/3",
	pages = "117-142",
	year = 2003
}

@article{Kirby_Sirovich_TPAMI90,
	title = "Application of the {K}arhunen-{L}o\`eve Procedure for the Characterization of Human Faces",
	author = "M. Kirby and L. Sirovich",
	journal = TPAMI,
	volume = 12,
	number = 1,
	pages = "103--108",
	month = jan,
	year = 1990
}

@article{Moghaddam_Pentland_TPAMI97,
	title = "Probabilistic Visual Learning for Object Representation",
	author = "B. Moghaddam and A. Pentland",
	journal = TPAMI,
	volume = 19,
	number = 7,
	pages = "696--710",
	month = jul,
	year = 1997
}

@article{Sirovich_Kirby_JOSA87,
	title = "Low-dimensional procedure for the characterization of human faces",
	author = "L. Sirovich and M. Kirby",
	journal = JOSA,
	volume = 4,
	number = 3,
	pages = "519--524",
	month = mar,
	year = 1987
}
% See also Kirby_Sirovich_TPAMI90

% use Turk_Pentland_JCN91 instead

@article{Turk_Pentland_JCN91,
	title = "Eigenfaces for recognition",
	author = "M. Turk and A. Pentland",
	journal = JCN,
	volume = 3,
	number = 1,
	pages = "71--86",
	year = 1991
}

@article{Yilmaz_Gokmen_PR01,
	title = "Eigenhill vs. eigenface and eigenedge",
	author = "A. Yilmaz and M. Gokmen",
	journal = PR,
	volume = 34,
	pages = "181--184",
	year = 2001
}

@article{Donner_etal_TPAMI06,
	title = "Fast Active Appearance Model Search Using Canonical Correlation Analysis",
	author = "R. Donner and M. Reitner and G. Langs and P. Peloschek and H. Bischof",
	journal = TPAMI,
	volume = 28,
	number = 10,
	pages = "1690--1694",
	month = oct,
	year = 2006
}

@inproceedings{Lei_etal_CVPR08,
	title = "Face shape recovery from a single image using {CCA} mapping between tensor spaces",
	author = "Z. Lei and Q. Bai and R. He and S. Z. Li",
	booktitle = CVPR,
	year = 2008
}

@article{Moriyama_etal_TPAMI06,
	title = "Meticulously Detailed Eye Region Model and Its Application to Analysis of Facial Images",
	author = "T. Moriyama and T. Kanade and J. Xiao and J. F. Cohn",
	journal = TPAMI,
	volume = 28,
	number = 5,
	pages = "738--752",
	month = may,
	year = 2006
}

@article{Viola_Jones_IJCV04,
  author = "P. Viola and M. J. Jones",
  title = "Robust real-time face detection",
  journal = IJCV,
  volume = 57,
  number = 2,
  pages = "137--154",
  month = may,
  year = 2004
}

@article{Yang_etal_TPAMI02,
	title = "Detecting Faces in Images: {A} Survey",
	author = "M.-H. Yang and D. Kriegman and N. Ahuja",
	journal = TPAMI,
	volume = 24,
	number = 1,
	pages = "34--58",
	month = jan,
	year = 2002
}

@article{Felzenszwalb_Huttenlocher_IJCV05,
  author = "P. Felzenszwalb and D. Huttenlocher",
  title = "Pictorial Structures for Object Recognition",
  journal = IJCV,
  volume = 61,
  number = 1,
  pages = "55--79",
  month = jan,
  year = 2005
}

@article{Felzenszwalb_TPAMI05,
  author = "P. Felzenszwalb",
  title = "Representation and detection of deformable shapes",
  journal = TPAMI,
  volume = 27,
  number = 2,
  month = feb,
  year = 2005
}

@article{Fergus_etal_IJCV07,
	title     = "Weakly supervised scale-invariant learning of models for visual recognition",
	author    = "R. Fergus and P. Perona and A. Zisserman",
	journal   = IJCV,
	volume    = 71,
	pages     = "273--303",
	year      = 2007
}

@article{Liebe_etal_IVC08,
	title = "Learning semantic object parts for object categorization",
	author = "B. Leibe and A. Ettlin and B. Schiele",
	journal = IVC,
	volume = 26,
	number = 1,
	pages = "15--26",
	month = jan,
	year = 2008
}

@article{Mohan_etal_PAMI01,
	author = "A. Mohan and C. Papageorgiou and T. Poggio",
	title = "Example-based object detection in images by components",
	journal = PAMI,
	volume = 23,
	number = 4,
	pages = "349--361",
	month = apr,
	year = 2001
}

@article{Ramanan_etal_PAMI07,
	author = "D. Ramanan and D. A. Forsyth and A. Zisserman",
	title = "Tracking People By Learning Their Appearance",
	journal = PAMI,
	volume = 29,
	number = 1,
	pages = "65--81",
	month = jan,
	year = 2007
}

@inproceedings{Ronfard_etal_ECCV02,
	author = "R. Ronfard and C. Schmid and B. Triggs",
	title = "Learning to Parse Pictures of People",
	booktitle = ECCV,
	volume = 4,
	pages = "700-714",
	publisher = "Springer LNCS 2353",
	year = 2002
}

% Batur_Hayes_CVPR01 : See Batur_Hayes_TMI05

@article{Batur_Hayes_TMI05,
	title = "Adaptive Active Appearance Models",
	author = "A. U. Batur and M. H. Hayes",
	journal = TMI,
	volume = 14,
	number = 11,
	pages = "1707--1721",
	month = nov,
	year = 2005
}

@inproceedings{Ding_Martinez_CVPR08,
	title = "Precise detailed detection of faces and facial features",
	author = "L. Ding and A. M. Martinez",
	booktitle = CVPR,
	year = 2008
}

@article{Hanif_etal_PRL08,
	title = "Real-time facial featrue localization by combining space displacement neural networks",
	author = "S. M. Hanif and L. Prevost and R. Belaroussi and M. Milgram",
	journal = PRL,
	volume = 29,
	number = 8,
	pages = "1094--1104",
	month = jun,
	year = 2008
}

@inproceedings{Hou_etal_CVPR01,
	title = "Direct Appearance Models",
	author = "X. Hou and S. Z. Li and H. Zhang and Q. Cheng",
	booktitle = CVPR,
	year = 2001
}

@inproceedings{Huang_etal_ICCV07,
  author = "Y. Huang and Q. Liu and D. N. Metaxas",
  title = "A Component Based Deformable Model for Generalized Face Alignment",
  booktitle = ICCV,
  pages = "1--8",
  year = 2007
}

@inproceedings{Jiao_etal_CVPR03,
	title = "Face alignment using statistical models and wavelet features",
	author = "F. Jiao and S. Li and H.-Y. Shum and D. Schuurmans",
	booktitle = CVPR,
	year = 2003
}

@article{Lee_Kim_TPAMI09,
	title = "Tensor-Based {AAM} with contiunous variation estimation: {A}pplication to variation-robust face recognition",
	author = "H.-S. Lee and D. Kim",
	journal = TPAMI,
	volume = 31,
	number = 6,
	pages = "1102--1116",
	month = jun,
	year = 2009
}

@inproceedings{Liang_etal_CVPR06,
  author = "L. Liang and F. Wen and Y.-Q. Xu and X. Tang and H.-Y. Shum",
  title = "Accurate face alignment using shape constrained {M}arkov network",
  booktitle = CVPR,
  year = 2006
}

@inproceedings{Liang_etal_ECCV06,
  author = "L. Liang and F. Wen and X. Tang and Y.-Q. Xu",
  title = "An integrated model for accurate shape alignment",
  booktitle = ECCV,
  year = 2006
}

@inproceedings{Liang_etal_ECCV08,
  author = "L. Liang and R. Xiao and F. Wen and J. Sun",
  title = "Face alignment via component-based discriminative search",
  booktitle = ECCV,
  year = 2008
}

% Liu_CVPR07: See Liu_TPAMI09

@inproceedings{Liu_etal_ECCV02,
  author = "C. Liu and H.-Y. Shum and C. Zhang",
  title = "Hierarchical shape modelling for automatic face localization",
  booktitle = ECCV,
  year = 2002
}

@article{Liu_TPAMI09,
	title = "Discriminative Face Alignment",
	author = "X. Liu",
	journal = TPAMI,
	volume = 31,
	number = 11,
	pages = "1941-1954",
	month = nov,
	year = 2009
}

@inproceedings{Milborrow_Nicolls_ECCV08,
	title = "Locating facial features with an extended active shape model",
	author = "S. Milborrow and F. Nicolls",
	booktitle = ECCV,
	year = 2008
}

@inproceedings{Nastar_Ayache_ICCV93,
	title = "Fast segmentation, tracking, and analysis of deformable objects",
	author = "C. Nastar and N. Ayache",
	booktitle = ICCV,
	year = 1993
}

@inproceedings{Paquet_CVPR09,
	title = "Convexity and {B}ayesian constrained local models",
	author = "U. Paquet",
	booktitle = CVPR,
	year = 2009
}

@article{Pentland_IJCV90,
	title = "Automatic extraction of deformable part models",
	author = "A. P. Pentland",
	journal = IJCV,
	volume = 4,
	number = 2,
	pages = "107--126",
	month = mar,
	year = 1990
}

@inproceedings{Peyras_etal_BMVC07,
	title = "Segmented {AAM}s improve person-independent face fitting",
	author = "J. Peyras and A. Bartoli and H. Mercier and P. Dalle",
	booktitle = BMVC,
	year = 2007
}

@inproceedings{Peyras_etal_BMVC08,
	title = "Pools of {AAM}s: {T}owards automatically fitting any face image",
	author = "J. Peyras and A. Bartoli and S. Khoualed",
	booktitle = BMVC,
	year = 2008
}

@inproceedings{Ramnath_etal_CVPR08,
	title = "Increasing the density of active appearance models",
	author = "K. Ramnath and S. Baker and I. Matthews and D. Ramanan",
	booktitle = CVPR,
	year = 2008
}

@inproceedings{Romdhani_etal_BMVC99,
  author = "S. Romdhani and S. Gong and A. Psarrou",
  title = "A multi-view nonlinear active shape model using kernal {PCA}",
  booktitle = BMVC,
  year = 1999
}

@inproceedings{Saragih_etal_ICCV09a,
	title = "Deformable model fitting with a mixture of local experts",
	author = "J. M. Saragih and S. Lucey and J. F. Cohn",
	booktitle = ICCV,
	year = 2009
}

@inproceedings{Saragih_etal_ICCV09b,
	title = "Face alignment through subspace constrained mean-shifts",
	author = "J. M. Saragih and S. Lucey and J. F. Cohn",
	booktitle = ICCV,
	year = 2009
}

@inproceedings{Saragih_Goecke_CVPR07,
	title = "Monocular and stereo methods for {AAM} learning from video",
	author = "J. Saragih and R. Goecke",
	booktitle = CVPR,
	year = 2007
}

@inproceedings{Saragih_Goecke_ICCV07,
	title = "A nonlinear discriminative approach to {AAM} fitting",
	author = "J. Saragih and R. Goecke",
	booktitle = ICCV,
	year = 2007
}

@inproceedings{Saragih_Goecke_ICPR06,
	title = "Iterative Error Bound Minimization for {AAM} Alignment",
	author = "J. Saragih and R. Goecke",
	booktitle = ICPR,
	year = 2006
}

@article{Saragih_Goecke_PR09,
	title = "Learning {AAM} Fitting Through Simulation",
	author = "J. Saragih and R. Goecke",
	journal = PR,
	volume = 42,
	number = 11,
	pages = "2628--2636",
	month = nov,
	year = 2009
}

@article{Terzopoulos_Metaxas_TPAMI91,
	title = "Dynamic {3D} models with local and global deformations: {D}eformable superquadrics",
	author = "D. Terzopoulos and D. Metaxas",
	journal = TPAMI,
	volume = 13,
	number = 7,
	pages = "703--714",
	month = jul,
	year = 1991
}

@article{Terzopoulos_Waters_TPAMI93,
	title = "Analysis and synthesis of facial image sequences using physical and anatomical models",
	author = "D. Terzopoulos and K. Waters",
	journal = TPAMI,
	volume = 15,
	number = 6,
	pages = "569--579",
	month = jun,
	year = 1993
}

@article{Tong_etal_PR07,
	title = "Robust facial feature tracking under varying face pose and facial expression",
	author = "Y. Tong and Y. Wang and Z. Zhu and Q. Ji",
	journal = PR,
	volume = 40,
	number = 11,
	pages = "3195--3208",
	month = nov,
	year = 2007
}

@inproceedings{Tu_etal_CVPR04,
  author = "J. Tu and Z. Zhang and Z. Zeng and T. Huang",
  title = "Face Localization via Hierarchical Condensation with Fisher Boosting Feature Selection",
  booktitle = CVPR,
  volume = 2,
  pages = "719--724",
  year = 2004
}

@inproceedings{Vogler_etal_ICCV07,
	title = "The best of both worlds: {C}ombining {3D} deformable models with active shape models",
	author = "C. Vogler and Z. Li and A. Kanaujia and S. Goldenstein and D. Metaxas",
	booktitle = ICCV,
	year = 2007
}

@inproceedings{Vukadinovic_Pantic_ICSMC05,
	title = "Fully automated facial feature point detection using {G}abor feature based boosted classifiers",
	author = "D. Vukadinovic and M. Pantic",
	booktitle = ICSMC,
	year = 2005
}

@inproceedings{Wang_etal_ICALIP08,
	title = "Generic Face Alignment Using an Improved Active Shape Model",
	author = "L. Wang and X. Ding and C. Fang",
	booktitle = ICALIP,
	year = 2008
}

@inproceedings{Wu_etal_CVPR08,
	title = "Face alignment via boosted ranking model",
	author = "H. Wu and X. Liu and G. Doretto",
	booktitle = CVPR,
	year = 2008
}

@inproceedings{Yan_etal_ICCV03,
	title = "Ranking prior likelihood distributions for {B}ayesian shape localization framework",
	author = "S. Yan and M. Li and H. Zhang and Q. Cheng",
	booktitle = ICCV,
	year = 2003
}

@article{Yan_etal_IVC03,
	title = "Face alignment using texture-constrained active shape models",
	author = "S. Yan and C. Liu and S. Z. Li and H. Zhang and H.-Y. Shum and Q. Cheng",
	journal = IVC,
	volume = 21,
	number = 1,
	pages = "69--75",
	month = jan,
	year = 2003
}

@inproceedings{Zepeda_etal_CVPR07,
	title = "A linear estimation method for {3D} pose and facial animation tracking",
	author = "J. A. Y. Zepeda and F. Davoine and M. Charbit",
	booktitle = CVPR,
	year = 2007
}

@inproceedings{Zhang_etal_ICIP05,
	title = "A probabilistic model for robust face alignment in videos",
	author = "W. Zhang and Y. Zhou and X. Tang and J. Deng",
	booktitle = ICIP,
	year = 2005
}

@article{Zheng_etal_InfSci08,
	title = "Facial feature localization based on an improved active shape model",
	author = "Z. Zheng and J. Jiong and C. Chunjiang and X. Liu and J. Yang",
	journal = InfSci,
	volume = 178,
	number = 9,
	pages = "2215--2223",
	month = may,
	year = 2008
}

@inproceedings{Zhou_etal_CVPR03,
  author = "Y. Zhou and L. Gu and H.-J. Zhang",
  title = "Bayesian {T}angent {S}hape {M}odel: {E}stimating shape and pose parameters via {B}ayesian inference",
  booktitle = CVPR,
  year = 2003
}

@inproceedings{Zhou_etal_CVPR05,
	author = "Y. Zhou and W. Zhang and X. Tang and H. Shum",
	title = "A {B}ayesian mixture model for multi-view face alignment",
	booktitle = CVPR,
	year = 2005
}

@inproceedings{Zhou_etal_ICCV05,
	title = "Image based regression using boosted method",
	author = "S. K. Zhou and B. Georgescu and X. S. Zhou and D. Comaniciu",
	booktitle = ICCV,
	year = 2005
}

@article{Hager_Belhumeur_TPAMI98,
	title = "Efficient Region Tracking with Parametric Models of Geometry and Illumination",
	author = "G. D. Hager and P. N. Belhumeur",
	journal = TPAMI,
	volume = 20,
	number = 10,
	pages = "1025--1039",
	month = oct,
	year = 1998
}

@inproceedings{Bergen_etal_ECCV92,
	title = "Hierarchical Model-Based Motion Estimation",
	author = "J. R. Bergen and P. Anandan and J. Hanna and R. Hingorani",
	booktitle = ECCV,
	pages = "237--252",
	year = 1992
}

@inproceedings{Papandreou_Maragos_CVPR08,
	title = "Adaptive and Constrained Algorithms for Inverse Compositional Active Appearance Model Fitting",
	author = "G. Papandreou and P. Maragos",
	booktitle = CVPR,
	year = 2008
}

% Cootes_etal_BMVC00 : See Cootes_etal_IVC02

@inproceedings{Cootes_etal_BMVC98,
	title = "A comparative evaluation of active appearance model algorithms",
	author = "T. F. Cootes and G. Edwards and C. J. Taylor",
	booktitle = BMVC,
	year = 1998
}

@article{Cootes_etal_IVC02,
	author = "T. Cootes and G. Wheeler and K. Walker and C. Taylor",
	title = "View-based active appearance models",
	journal = IVC,
	year = 2002
}

@article{Cootes_etal_IVC08,
	title = "Diffeomorphic statistical shape models",
	author = "T. F. Cootes and C. J. Twining and K. O. Babalola and C. J. Taylor",
	journal = IVC,
	volume = 26,
	number = 3,
	pages = "326--332",
	month = mar,
	year = 2008
}

@article{Cootes_etal_IVC96,
	title = "Flexible {3D} models from uncalibrated cameras",
	author = "T. F. Cootes and E. C. Di {M}auro and C. J. Taylor and A. Lanitis",
	journal = IVC,
	volume = 14,
	number = 8,
	pages = "581--587",
	month = aug,
	year = 1996
}

@article{Cootes_etal_IVC96b,
	title = "Statistical grey-level models for object location and identification",
	author = "T. F. Cootes and G. J. Page and C. B. Jackson and C. J. Taylor",
	journal = IVC,
	volume = 14,
	number = 8,
	pages = "533-540",
	month = aug,
	year = 1996
}

@inproceedings{Cootes_Kittipanya-ngam_BMVC02,
	title = "Comparing variations on the active appearance model algorithm",
	author = "T. F. Cootes and P. Kittipanya-ngam",
	booktitle = BMVC,
	year = 2002
}

@inproceedings{Cootes_Taylor_BMVC94,
	title = "Modelling object appearance using the grey-level surface",
	author = "T. F. Cootes and C. J. Taylor",
	booktitle = BMVC,
	year = 1994
}

@inproceedings{Cootes_Taylor_ICCV01,
	title = "Constrained active appearance models",	
	author = "T. F. Cootes and C. J. Taylor",
	booktitle = ICCV,
	year = 2001
}

@article{Cootes_Taylor_IVC95,
	title = "Combining point distribution models with shape models based on finite element analysis",
	author = "T. F. Cootes and C. J. Taylor",
	journal = IVC,
	volume = 13,
	number = 5,
	pages = "403--409",
	month = jun,
	year = 1995
}

@article{Cootes_Taylor_IVC99,
  author = "T. Cootes and C. J. Taylor",
  title = "A mixture model for representing shape variation",
  journal = IVC,
  volume = 17,
  number = 8,
  pages = "567--574",
  year = 1999
}

@article{Cootes_etal_MI01,
	author = "T. Cootes and C. Taylor",
	title = "Statistical models of appearance for medical image analysis and computer vision",
	journal = MI,
	year = 2001
}

@article{Costen_etal_IVC02,
	title = "Automatic extraction of the face identity-subspace",
	author = "N. P. Costen and T. F. Gootes and G. J. Edwards and C. J. Taylor",
	journal = IVC,
	volume = 20,
	number = "5-6",
	pages = "319--329",
	month = apr,
	year = 2002
}

@article{Costen_etal_IVC02b,
	title = "Compensating for ensemble-specific effects when building facial models",
	author = "N. P. Costen and T. F. Gootes and C. J. Taylor",
	journal = IVC,
	volume = 20,
	number = "9-10",
	pages = "673--682",
	month = aug,
	year = 2002
}

@inproceedings{Cristinacce_Cootes_AFGR04,
  author = "D. Cristinacce and T. F. Cootes",
  title = "A Comparison of Shape Constrained Facial Feature Detectors",
  booktitle = AFGR,
  year = 2004
}

@inproceedings{Cristinacce_Cootes_AFGR06,
	title = "Facial feature detection and tracking with automatic template selection",
	author = "D. Cristinacce and T. F. Cootes",
	booktitle = AFGR,
	year = 2006
}

@inproceedings{Cristinacce_Cootes_BMVC03,
	title = "Facial feature detection using {A}da{B}oost with shape constraints",
	author = "D. Cristinacce and T. Cootes",
	booktitle = BMVC,
	year = 2003
}

% see Cristinacce_Cootes_PR08

@inproceedings{Cristinacce_Cootes_BMVC07,
	title = "Boosted regression active shape models",
	author = "D. Cristinacce and T. Cootes",
	booktitle = BMVC,
	year = 2007
}

@article{Cristinacce_Cootes_PR08,
  author = "D. Cristinacce and T. F. Cootes",
  title = "Automatic feature localisation with constrained local models",
  journal = PR,
  volume = 41,
  pages = "3054--3067",
  year = 2008
}

@inproceedings{Cristinacce_etal_BMVC04,
  author = "D. Cristinacce and T. Cootes and I. Scott",
  title = "A multi-stage approach to facial feature detection",
  booktitle = BMVC,
  year = 2004
}

@book{Davies_etal_08,
	title = "Statistical models of shape: {O}ptimization and evaluation",
	author = "R. Davies and C. Twining and C. Taylor",
	publisher = "Springer",
	year = 2008,
	note = "ISBN 1848001371"
}

% see Davies_etal_TMI02, Davies_etal_IVC03

@article{Davies_etal_IVC03,
	title = "Building optimal {2D} statistical shape models",
	author = "R. H. Davies and C. J. Twining and P. D. Allen and T. F. Cootes and C. J. Taylor",
	journal = IVC,
	volume = 21,
	number = "13-14",
	pages = "1171--1182",
	month = dec,
	year = 2003
}

@inproceedings{Edwards_etal_AFGR98,
	title = "Interpreting face images using active appearance models",
	author = "G. J. Edwards and C. J. Taylor and T. F. Cootes",
	booktitle = AFGR,
	year = 1998
}

% See Edwards_etal_IVC98

@article{Edwards_etal_IVC98,
	title = "Statistical models of face images - improving specificity",
	author = "G. J. Edwards and A. Lanitis and C. J. Taylor and T. F. Cootes",
	journal = IVC,
	volume = 16,
	number = 3,
	pages = "203--211",
	month = mar,
	year = 1998
}

@inproceedings{Hill_etal_BMVC92,
	title = "A generic system for image interpretation using flexible templates",
	author = "A. Hill and T. F. Cootes and C. J. Taylor",
	booktitle = BMVC,
	year = 1992
}

% Hill_etal_BMVC95: See Hill_etal_IVC96

@article{Hill_etal_IVC96,
	title = "Active shape models and the shape approximation problem",
	author = "A. Hill and T. F. Cootes and C. J. Taylor",
	journal = IVC,
	volume = 14,
	pages = "601--607",
	year = 1996
}

@inproceedings{Hill_Taylor_BMVC94,
	title = "Automatic landmark generation for point distribution models",
	author = "A. Hill and C. J. Taylor",
	booktitle = BMVC,
	year = 1994
}

% see Sozou_etal_IVC97

@article{Lanitis_etal_IVC95,
	title = "Automatic face identification system using flexible appearance models",
	author = "A. Lanitis and C. J. Taylor and T. F. Cootes",
	journal = IVC,
	volume = 13,
	number = 5,
	pages = "393--401",
	month = jun,
	year = 1995
}

@article{Lanitis_etal_TPAMI97,
	title = "Automatic interpretation and coding of face images using flexible models",
	author = "A. Lanitis and C. J. Taylor and T. F. Cootes",
	journal = TPAMI,
	volume = 19,
	number = 7,
	pages = "743--756",
	month = jul,
	year = 1997
}

@article{Larsen_etal_CVIU07,
	title = "Texture enhanced appearance models",
	author = "R. Larsen and M. B. Stegmann and S. Darkner and S. Forchhammer and T. F. Cootes and B. K. Ersb{\o}ll",
	journal = CVIU,
	volume = 106,
	number = 1,
	pages = "20--30",
	month = apr,
	year = 2007
}

@inproceedings{Rogers_Graham_BMVC01,
	title = "Structured point distribution models: {M}odelling intermittently present features",
	author = "M. Rogers and J. Graham",
	booktitle = BMVC,
	year = 2001
}

@article{Sozou_etal_IVC95,
	title = "Non-linear generalization of point distribution models using polynomial regression",
	author = "P. D. Sozou and T. F. Cootes and C. J. Taylor and E. C. Di {M}auro",
	journal = IVC,
	volume = 13,
	number = 5,
	pages = "451--457",
	month = jun,
	year = 1995
}

@article{Sozou_etal_IVC97,
	title = "Non-linear point distribution modelling using a multi-layer perceptron",
	author = "P. D. Sozou and T. F. Cootes and C. J. Taylor and E. C. Di {M}auro and A. Lanitis",
	journal = IVC,
	volume = 15,
	number = 6,
	pages = "457--463",
	month = jun,
	year = 1997
}

@techreport{Cootes_Taylor_TR04,
	title = "Statistical Models of Appearance for Computer Vision",
	author = "T. F. Cootes and C. J. Taylor",
	institution = "University of Manchester",
	year = 2004
}@inproceedings{Cootes_Taylor_CVPR01,
	title = "On Representing Edge Structure for Model Matching",
	author = "T. F. Cootes and C. J. Taylor",
	booktitle = CVPR,
	year = 2001
}

@inproceedings{Kang_etal_BMVC02,
	title = "A comparison of face verification algorithms using appearance models",
	author = "H. Kang and T. F. Cootes and C. J. Taylor",
	booktitle = BMVC,
	pages = "477--486",
	year = 2002
}

@article{Davies_etal_TMI02,
	title = "A Minimum Description Length Approach to Statistical Shape Modeling",
	author = "R. H. Davies and C. J. Twining and T. F. cootes and J. C. Waterton and C. J. Taylor",
	journal = TMI,
	volume = 21,
	number = 5,
	pages = "525--537",
	month = may,
	year = 2002
}

@article{Tresadern_etal_IJCV11,
	title = "Real-Time Facial Feature Tracking on a Mobile Device",
	author = "P. A. Tresadern and M. C. Ionita and T. F. Cootes",
	journal = IJCV,
	year = 2011,
	notes = "DOI: 10.1007/s11263-011-0464-9"
}

@inproceedings{Blanz_Vetter_Siggraph99,
	title = "A morphable model for the synthesis of {3D} faces",	
	author = "V. Blanz and T. Vetter",
	booktitle = Siggraph,
	year = 1999
}

@article{Cootes_etal_CVIU95,
  author = "T. F. Cootes and C. J. Taylor and D. H. Cooper and J. Graham",
  title = "Active Shape Models -- {T}heir training and application",
  journal = CVIU,
  month = jan,
  year = 1995,
  volume = 61,
  number = 1,
  pages = "38--59"
}

% see also Cootes_etal_TPAMI01
@inproceedings{Cootes_etal_ECCV98,
	title = "Active Appearance Models",
	author = "T. F. Cootes and G. J. Edwards and C. J. Taylor",
	booktitle = ECCV,
	year = 1998
}


@article{Cootes_etal_TPAMI01,
	author = "T. Cootes and G. Edwards and C. Taylor",
	title = "Active Appearance Models",
	journal = TPAMI,
	volume = 23,
	number = 6,
	pages = "681--685",
	month = jun,
	year = 2001
}

% Jones_Poggio_ICCV98 : See Jones_Poggio_IJCV98

@article{Jones_Poggio_IJCV98,
	title = "Multidimensional Morphable Models: {A} Framework for Representing and Matching Object Classes",
	author = "M. J. Jones and T. Poggio",
	Journal = IJCV,
	volume = 2,
	number = 29,
	pages = "107--131",
	year = 1998
}

@inproceedings{Sclaroff_Isidoro_ICCV98,
	title = "Active blobs",
	author = "S. Sclaroff and J. Isidoro",
	booktitle = ICCV,
	year = 1998
}

@article{Baker_Matthews_IJCV04,
	author = "S. Baker and I. Matthews",
	title = "Lucas-{K}anade 20 Years On : A Unifying Framework. Part {I} : {T}he Quantity Approximated, the Warp Update Rule and the Gradient Descent Approximation",
	journal = IJCV,
	year = 2004
}

% see Gross_etal_IVC05

@article{Gross_etal_IVC05,
	title = "Generic vs. person specific active appearance models",
	author = "R. Gross and I. Matthews and S. Baker",
	journal = IVC,
	volume = 23,
	number = 12,
	pages = "1080--1093",
	month = nov,
	year = 2005
}

@article{Gross_etal_IVC06,
	title = "Active appearance models with occlusion",
	author = "R. Gross and I. Matthews and S. Baker",
	journal = IVC,
	volume = 24,
	number = 6,
	pages = "593--604",
	month = jun,
	year = 2006
}

@inproceedings{Gu_Kanade_ECCV08,
	title = "A generative shape regularization model for robust face alignment",
	author = "L. Gu and T. Kanade",
	booktitle = ECCV,
	year = 2008
}

@inproceedings{Koterba_etal_ICCV05,
	title = "Multi-view {AAM} fitting and camera calibration",
	author = "S. Koterba and S. Baker and I. Matthews",
	booktitle = ICCV,
	year = 2005
}

@inproceedings{Lucey_etal_AFGR06,
	title = "{AAM} derived face representations for robust facial action recognition",
	author = "S. Lucey and I. Matthews and C. Hu and Z. Ambadar and F. De la {T}orre and J. Cohn",
	booktitle = AFGR,
	year = 2006
}

@article{Matthews_Baker_IJCV04,
  author = "I. Matthews and S. Baker",
  title = "Active appearance models revisited",
  journal = IJCV,
  volume = 26,
  number = 10,
  pages = "135--164",
  month = oct,
  year = 2004
}

@article{Matthews_etal_IJCV07,
  author = "I. Matthews and J. Xiao and S. Baker",
  title = "{2D} vs. {3D} Deformable Face Models: Representational Power, Construction, and Real-Time Fitting",
  journal = IJCV,
  volume = 75,
  number = 1,
  pages = "93--113",
  month = oct,
  year = 2007
}

% Wang_etal_CVPR08 : See Lucey_etal_IVC10

@inproceedings{Wang_etal_WNRTL07,
	title = "Non-rigid object alignment with a mismatch template based on exhaustive local search",
	author = "Y. Wang and S. Lucey and J. Cohn",
	booktitle = WNRTL,
	year = 2007
}

@article{Lucey_etal_IVC10,
	title = "Non-rigid face tracking with enforced convexity and local appearance consistency constraint",
	author = "S. Lucey and Y. Wang and J. Saragih and J. F. Cohn",
	journal = ivc,
	volume = 28,
	number = 5,
	pages = "781--789",
	month = may,
	year = 2010
}

% Wang_etal_CVPR08 : See Lucey_etal_IVC10

@inproceedings{Burl_etal_AFGR95,
	title = "Face localization via shape statistics",
	author = "M. C. Burl and T. K. Leung and P. Perona",
	booktitle = AFGR,
	year = 1995
}

@inproceedings{Burl_etal_ECCV98,
	author = "M. Burl and M. Weber and P. Perona",
	title = "A Probabilistic Approach to Object Recognition Using Local Photometry and Global Geometry",
	booktitle = ECCV,
	year = 1998
}

@inproceedings{Burl_Perona_CVPR96,
	title = "Recognition of planar object classes",
	author = "M. C. Burl and P. Perona",
	booktitle = CVPR,
	year = 1996
}

@inproceedings{Fergus_etal_CVPR03,
	author = "R. Fergus and P. Perona and A. Zisserman",
	title = "Object Class Recognition by Unsupervised Scale-Invariant Learning",
	booktitle = CVPR,
	volume = 2,
	pages = "264--271",
	month = jun,
	year = 2003
}

@inproceedings{Feris_etal_AFGR02,
	title = "Hierarchical wavelet networks for facial feature localization",
	author = {R. S. Feris and J. Gemmell and K. Toyama and V. Kr\"{u}ger},
	booktitle = AFGR,
	year = 2002
}

@article{Wiskott_etal_TPAMI97,
	title = "Face recognition by elastic bunch graph matching",
	author = {L. Wiskott and J.-M. Fellous and N. Kr\"{u}ger and C. {von der} Malsburg},
	journal = TPAMI,
	volume = 19,
	number = 7,
	pages = "775--779",
	month = jul,
	year = 1997
}

@article{Blanz_Vetter_PAMI03,
	author = "V. Blanz and T. Vetter",
	title = "Face Recognition Based on Fitting a 3{D} Morphable Model",
	journal = PAMI,
	year = 2003
}

@inproceedings{Gu_Kanade_CVPR06,
	title = "{3D} alignment of face in a single image",
	author = "L. Gu and T. Kanade",
	booktitle = CVPR,
	year = 2006
}

@inproceedings{Xiao_etal_CVPR04,
	title = "Real-Time Combined {2D+3D} Active Appearance Models",
	author = "J. Xiao and S. Baker and I. Matthews and T. Kanade",
	booktitle = CVPR,
	year = 2004
}

@inproceedings{Zhang_etal_ECCV08,
	title = "Real time feature based {3-D} deformable face tracking",
	author = "W. Zhang and Q. Wang and X. Tang",
	booktitle = ECCV,
	year = 2008
}

@article{Poh_etal_TSMCB10,
	title = "Quality-based score normalization with device qualitative information ofr multimodal biometric fusion",
	author = "N. Poh and J. Kittler and T. Bourlai",
	journal = TSMCB,
	volume = 40,
	number = 3,
	pages = "539--554",
	month = may,
	year = 2010
}

@book{Pietikainen_etal_11,
	author = "M. Pietikainen and A. Hadid and G. Zhao and T. Ahonen",
	title =  "Computer Vision Using Local Binary Patterns",
	year = 2011,
	publisher = "Springer",
	url = "http://www.springer.com/mathematics/book/978-0-85729-747-1"
}

@inproceedings{Marcel_etal_ICPR10,
	title = "On the Results of the First Mobile Biometry (MOBIO) Face and Speaker Verification Evaluation",
	author = "S. Marcel and C. Mc{C}ool and others",
	booktitle = "ICPR (Contests)",
	year = 2011
}

%	author = "S. Marcel and C. Mc{C}ool and P. Mat\v{e}cka and T. Ahonen and J. \v{C}ernocky and
%S. Chakraborty and V. Balasubramanian and S. Panchanathan and C. H. Chan and
%J. Kittler and N. Poh and B. Fauve and O. Glembek and O. Plchot and
%Z. Jan\v{c}ik and A. Larcher and C. L\'{e}vy and D. Matrouf and
%J.-F. Bonatre and P.-H. Lee and J.-Y. Hung and S.-W. Wu and Y.-P. Hung and
%L. Machlica and J,Mason and S. Mau and C. Sanderson and D. Monzo and
%A. Albiol and A. Albiol and H. Nguyen and B. Li and Y. Wang and
%M. Niskanen and M. Turtinen and J. A. Nolazco-Flores and L. P. Garcia-Perera and
%R. Aceves-Lopez and M. Villegas and R. Paredes",

@inproceedings{Poh_etal_ICPR10,
	title = "Model and Score Adaptation for Biometric Systems: Coping With Device Interoperability and Changing Acquisition Conditions",
	author = "Norman Poh and Joseph Kittler and S\'ebastien Marcel and Driss Matrouf and Jean-Francois Bonastre",
	booktitle = ICPR,
	year = 2010
}

@INPROCEEDINGS{Larcher_etal_Interspeech10,
  title = {Decoupling session variability modelling and speaker characterisation},
  author = {Larcher, A.  and L\'evy, Christophe and Matrouf, D.  and Bonastre, J-F. },
  booktitle = {Proceedings of the 11th Annual Conference of the International Speech Communication Association (INTERSPEECH)},
  year = {2010},
  location = {Makuhari, Chiba, JP},
  issn = {1990-9772},
}@INPROCEEDINGS{Larcher_etal_SAC10, 
  title = {{Constrained Viterbi decoding for embedded user-customised password speaker recognition}},
  author = {Larcher, A.  and Bonastre, J-F.  and Mason, John S. D. },
  booktitle = {ACM Symposium on Applied Computing},
  year = {2010},
  month = {March},
  address = {Sierre (Switzerland)},
}
@article{Poh_etal_TIFS09,
	title = "Benchmarking Quality-Dependent and Cost-Sensitive Score-Level Multimodal Biometric Fusion Algorithms",
	author = "Norman Poh and Thirimachos Bourlai and Josef Kittler and Lorene Allano and Fernando Alonso-Fernandez and Onkar Ambekar and John Baker and Bernadette Dorizzi and Omolara Fatukasi and Julian Fierrez and Harald Ganster and Javier Ortega-Garcia and Donald Maurer and Albert Ali Salah and Tobias Scheidat and Claus Vielhauer",
	journal = TIFS,
	volume = 4,
	number = 4,
	pages = "849--866",
	month = dec,
	year = 2009
}

@INPROCEEDINGS {Atanasoaei_etal_BMVC10,
  title = {A principled approach to remove false alarms by modelling the context of a face detector},
  author = {Atanasoaei, C.  and {McCool}, Christopher and Marcel, S\'ebastien},
  booktitle = BMVC,
  year = {2010},
  pages = {1--11},
  address = {Aberystwyth, UK},
}
@INPROCEEDINGS {Roy_Marcel_BMVC09,
  title = {Haar Local Binary Pattern Feature for Fast Illumination Invariant Face Detection},
  author = {Roy, A.  and Marcel, S\'ebastien},
  booktitle = BMVC,
  year = {2009},
}
@article{Roy_etal_TIFS11,
	title = "A Fast Parts-based Approach to Speaker Verification using Boosted Slice Classifiers",
	author = "Anindya Roy and Mathew Magimai-Doss and S\'ebastien Marcel",
	journal = TIFS,
	year = 2011,
	note = "DOI: 10.1109/TIFS.2011.2166387"
}

@inproceedings{Roy_etal_ICASSP11,
	title = "PHONEME RECOGNITION USING BOOSTED BINARY FEATURES",
	author = "Anindya Roy and Mathew Magimai-Doss and S\'ebastien Marcel",
	booktitle = ICASSP,
	year = 2011
}

@inproceedings{Glembek_etal_ICASSP11,
	title = "SIMPLIFICATION AND OPTIMIZATION OF I-VECTOR EXTRACTION",
	author = "Ond\v{r}ej Glembek and Luk\'{a}\v{s} Burget and Pavel Mat\v{e}jka and Martin Karafi\'{a}t and Patrick Kenny",
	booktitle = ICASSP,
	year = 2011
}

@inproceedings{Ahonen_etal_ICPR08,
	title = "Recognition of Blurred Faces Using Local Phase Quantization",
	author = {Timo Ahonen and Esa Rahtu and Ville Ojansivu and Janne Heikkil\"{a}},
	booktitle = ICPR,
	year = 2008
}

@inproceedings{Chan_Kittler_ICIP10,
	title = "SPARSE REPRESENTATION OF (MULTISCALE) HISTOGRAMS FOR FACE RECOGNITION ROBUST TO REGISTRATION AND ILLUMINATION PROBLEMS",
	author = "Chi Ho Chan and Josef Kittler",
	booktitle = ICIP,
	year = 2010
}

@inproceedings{Heusch_Marcel_ICB09,
	title = "Bayesian Networks to Combine Intensity and Color Information in Face Recognition",
	author = "Guillaume Heusch and S\'{e}bastien Marcel",
	booktitle = ICB,
	year = 2009
}

