@article{Chen_etal_TPAMI00,
	title = "Orientation Space Filtering for Multiple Orientation Line Segmentation",
	author = "Jian Chen and Yoshinobu Sato and Shinichi Tamura",
	journal = TPAMI,
	volume = 22,
	number = 5,
	pages = "417--429",
	month = may,
	year = 2000
}

@inproceedings{Allen_etal_BMVC98,
	title = "Enhancement of Temporally Variable Features in Nailfold Capillary Patterns",
	author = "P. D. Allen and C. J. Taylor and A. L. Herrick and T. Moore",
	booktitle = BMVC,
	year = 1998
}

@inproceedings{Allen_etal_MICCAI99,
	title = "Image analysis of nailfold capillary patterns from video sequences",
	author = "P. D. Allen and C. J. Taylor and A. L. Herrick and T. Moore",
	booktitle = MICCAI,
	year = 1999
}

@inproceedings{Paradowski_etal_IMCSIT09,
	title = "Avascular Area Detection in Nailfold Capillary Images",
	author = "M. Paradowski and H. Kwasnicka and K. Borysewicz",
	booktitle = "Proc. Int. Multiconference on Computer science and Information Technology",
	pages = "419--424",
	year = 2009
}

@inproceedings{Paradowski_etal_KES09,
	title = "Capillary Blood Vessel Tortuosity Measurement Using Graph Analysis",
	author = "M. Paradowski and H. Kwasnicka and K. Borysewicz",
	booktitle = "KES",
	volume = 2,
	pages = "135--142",
	year = 2009
}

@inproceedings{Paradowski_etal_KES09b,
	title = "Capillary Abnormalities Detection Using Vessel Thickness and Curvature Analysis",
	author = "M. Paradowski and U. Markowska-Kaczmar and H. Kwasnicka and K. Borysewicz",
	booktitle = "KES",
	volume = 2,
	pages = "151--158",
	year = 2009
}

@phdthesis{Feng_PhD09,
	title = "Automatic Nailfold Capillary Measurement and Analysis",
	author = "K. Feng",
	institution = "University of Manchester",
	year = 2009
}

@article{Anderson_etal_JRh05,
	title = "Computerized Nailfold Video Capillaroscopy -- {A} New Tool for Assessment of Raynaud’s Phenomenon",
	author = "M. E. Anderson and P. D. Allen and T. Moore and V. Hillier and C. J. Taylor and A. L. Herrick",
	journal = "J Rheumatology",
	pages = "841--848",
	year = 2005
}

@inproceedings{Perez_etal_ICCV01,
	title = "JetStream: Probabilistic Contour Extraction with Particles",
	author = "Patrick P\'erez and Andrew Blake and Michel Gangnet",
	booktitle = ICCV,
	year = 2001
}

@article{Sato_etal_MIA98,
	title= "Three-dimensional multi-scale line ?lter for segmentation and visualization of curvilinear structures in medical images",
	author = "Yoshinobu Sato and Shin Nakajima and Nobuyuki Shiraga and Hideki Atsumi and Shigeyuki Yoshida and Thomas Koller and Guido Gerig and Ron Kikinis",
	journal = MIA,	
	volume = 2,
	number = 2,
	pages = "143--168",
	year = 1998
}

@inproceedings{Gonzalez_etal_CVPR09,
	title = "Learning Rotational Features for Filament Detection",
	author = "Germ\'an Gonz\'alez and Fran\c{c}ois Fleuret and Pascal Fua",
	booktitle = CVPR,
	year = 2009
}

@inproceedings{Frangi_etal_MICCAI98,
	title = "Multiscale vessel enhancement filtering",
	author = "Alejandro F. Frangi and Wiro J. Niessen and Koen L. Vincken and Max A. Viergever",
	booktitle = MICCAI,
	year = 1998
}

@article{Steger_TPAMI98,
	title = "An unbiased detector of curvilinear structures",
	author = "Carsten Steger",
	journal = TPAMI,
	volume = 20,
	number = 2,
	pages = "113--125",
	month = feb,
	year = 1998
}

@article{Aylward_Bullitt_TMI02,
	title = "Initialization, Noise, Singularities, and Scale in Height Ridge Traversal for Tubular Object Centerline Extraction",
	author = "Stephen R. Aylward and Elizabeth Bullitt",
	journal = TMI,
	volume = 21,
	number = 2,
	pages = "61--75",
	month = feb,
	year = 2002
}

@inproceedings{Pechaud_etal_CVPR09,
	title = "Extraction of Tubular Structures over an Orientation Domain",
	author = {Micka\"{e}l P\'echaud and Renaud Keriven and Gabriel Peyr\'e},
	booktitle = CVPR,
	year = 2009
}

@article{Jiang_Mojon_TPAMI03,
	title = "Adaptive Local Thresholding by Verification-Based Multithreshold Probing with Application to Vessel Detection in Retinal Images",
	author = "Xiaoyi Jiang and Daniel Mojon",
	journal = TPAMI,
	volume = 25,
	number = 1,
	pages = "131--137",
	month = jan,
	year = 2003
}@article{Chaudhuri_etal_TMI89,
	title = "Detection of blood vessels in retinal images",
	author = "S. Chaudhuri and S. Chatterjee and N. Katz and M. Nelson and M. Goldbaum",
	journal = TMI,
	volume = 8,
	number = 3,
	month = sep,
	year = 1989
}

@article{Ricci_Perfetti_TMI07,
	title = "Retinal Blood Vessel Segmentation Using Line Operators and Support Vector Classification",
	author = "E. Ricci and R. Perfetti",
	journal = TMI,
	volume = 26,
	number = 10,
	pages = "1357--1365",
	month = oct,
	year = 2007
}

@article{Lowell_etal_TMI04,
	title = "Measurement of Retinal Vessel Widths From Fundus Images Based on 2-{D} Modeling",
	author = "James Lowell and Andrew Hunter and David Steel and Ansu Basu and Robert Ryder and R. Lee Kennedy",
	journal = TMI,
	volume = 23,
	number = 10,
	pages = "1196--1204",
	month = oct,
	year = 2004
}

@inproceedings{Ravishankar_etal_CVPR09,
	title = "Automated Feature Extraction for Early Detection of Diabetic Retinopathy in Fundus Images",
	author = "Saiprasad Ravishankar and Arpit Jain and Anurag Mittal",
	booktitle = CVPR,
	year = 2009
}

@article{Pedersen_etal_PRL00,
	title = "Quantitative measurement of changes in retinal vessel diameter in ocular fundus images",
	author = "L. Pedersen and M. Grunkin and B. Ersbùll and K. Madsen and M. Larsen and N. Christoffersen and U. Skands",
	journal = PRL,
	volume = 21,
	pages = "1215--1223",
	year = 2000
}

@article{Wu_etal_TBE06,
	title = "On the Adaptive Detection of Blood Vessels in Retinal Images",
	author = "Di Wu and Ming Zhang and Jyh-Charn Liu and Wendall Bauman",
	journal = TBE,
	volume = 53,
	number = 2,
	pages = "341--343",
	month = feb,
	year = 2006
}

@article{Heneghan_etal_MIA02,
	title = "Characterization of changes in blood vessel width and tortuosity in retinopathy of prematurity using image analysis",
	author = "Conor Heneghan and John Flynn and Michael O’Keefe and Mark Cahill",
	journal = MIA,
	volume = 6,
	pages = "407--429",
	year = 2002
}

@article{Mendonca_Campilho_TMI06,
	title = "Segmentation of Retinal Blood Vessels by Combining the Detection of Centerlines and Morphological Reconstruction",
	author = "Ana Maria Mendonça and Aurélio Campilho",
	journal = TMI,
	volume = 25,
	number = 9,
	pages = "1200--",
	month = sep,
	year = 2006
}

@techreport{Sharp_etal_TR03,
	title = "The value of digital imaging in diabetic retinopathy",
	author = "P. F. Sharp and J. Olson and F. Strachan and J. Hipwell and A. Ludbrook and M. O’Donnell and S. Wallace and K. Goatman and A. Grant and N. Waugh and K. McHardy and J. V. Forrester",
	year = 2003
}

@inproceedings{Cai_Chung_MICCAI06,
	title = "Multi-resolution Vessel Segmentation Using Normalized Cuts in Retinal Images",
	author = "Wenchao Cai and Albert C. S. Chung",
	booktitle = MICCAI,
	year = 2006
}

@article{Chapman_etal_BJO01,
	title = "Computer algorithms for the automated measurement of retinal arteriolar diameters",
	author = "N. Chapman and N. Witt and X. Gao and A. A. Bharath and A. V. Stanton and S. A. Thom and A. D. Hughes",
	journal = BJO,
	volume = 85,
	pages = "74-–79",
	year = 2001
}

@inproceedings{Martinez-Perez_etal_MICCAI99,
	title = "Retinal Blood Vessel Segmentation by Means of Scale-Space Analysis and Region Growing",
	author = "M. Elena Mart/'inez-P\'erez and Alun D. Hughes and Alice V.Stanton and Simon A. Thom and Anil A. Bharath and Kim H. Parker",
	booktitle = MICCAI,
	year = 1999
}

@article{Gregson_etal_CBR95,
	title = "Automated Grading of Venous Beading",
	author = "P. H. Gregson and Z. Shen and R. C. Scott and V. Kozousek",
	journal = CBR,
	volume = 28,
	pages = "291--304",
	year = 1995
}

@article{Martinez-Perez_etal_TBE02,
	title = "Retinal Vascular Tree Morphology: A Semi-Automatic Quantification",
	author = "M. Elena Mart/'inez-P\'erez and Alun D. Hughes and Alice V.Stanton and Simon A. Thom and Neil Chapman and Anil A. Bharath and Kim H. Parker",
	journal = TBE,
	volume = 49,
	number = 8,
	pages = "912--917",
	month = aug,
	year = 2002
}

@article{Soares_etal_TMI06,
	title = "Retinal Vessel Segmentation Using the 2-{D} {G}abor Wavelet and Supervised Classi?cation",
	author = "Jo\~ao V. B. Soares and Jorge J. G. Leandro and Roberto M. Cesar Jr. and Herbert F. Jelinek and
Michael J. Cree",
	journal = TMI,
	volume = 25,
	number = 9,
	pages = "1214--1222",
	month = sep,
	year = 2006
}

@article{Marin_etal_TMI11,
	title = "A New Supervised Method for Blood Vessel Segmentation in Retinal Images by Using Gray-Level and Moment Invariants-Based Features",
	author = "Diego Mar\'in and Arturo Aquino and Manuel Emilio Geg\'undez-Arias and Jos\'e Manuel Bravo",
	journal = TMI,
	volume = 30,
	number = 1,
	pages = "146--158",
	month = jan,
	year = 2011
}

@article{Staal_etal_TMI04,
	title = "Ridge-based vessel segmentation in color images of the retina",
	author = "J. Staal and M. D. Abr\`amoff and M. Niemeijer and M. A. Viergever and B. {van} Ginneken",
	journal = TMI,
	volume = 23,
	number = 4,
	pages = "501--509",
	month = apr,
	year = 2004
}

@article{Vermeer_etal_CBM04,
	title = "A model based method for retinal blood vessel detection",
	author = "K. A. Vermeer and F. M. Vos and H. G. Lemij and A. M. Vossepoel",
	journal = CBM,
	volume = 34,
	pages = "209--219",
	year = 2004
}

@article{Xu_etal_TMI11,
	title = "Vessel Boundary Delineation on Fundus Images Using Graph-Based Approach",
	author = "Xiayu Xu and Meindert Niemeijer and Qi Song and Milan Sonka and Mona K. Garvin and Joseph M. Reinhardt and Michael D. Abràmoff",
	journal = TMI,
	volume = 30,
	number = 6,
	pages = "1184--1191",
	month = jun,
	year = 2011
}

@article{Gang_etal_TBE02,
	title = "Detection and Measurement of Retinal Vessels in Fundus Images Using Amplitude Modified Second-Order Gaussian Filter",
	author = "Luo Gang and Opas Chutatape and Shankar M. Krishnan",
	journal = TBE,
	volume = 49,
	number = 2,
	pages = "168--172",
	month = feb, 
	year = 2002
}@article{Hoover_etal_TMI00,
	title = "Locating Blood Vessels in Retinal Images by Piecewise Threshold Probing of a Matched Filter Response",
	author = "Adam Hoover and Valentina Kouznetsova and Michael Goldbaum",
	journal = TMI,
	volume = 19,
	number = 3,
	pages = "203--210",
	month = mar,
	year = 2000
}

@inproceedings{Salazar-Gonzalez_etal_ICCARV10,
	title = "Retinal Blood Vessel Segmentation via Graph Cut",
	author = "Ana G. Salazar-Gonzalez and Yongmin Li and Xiaohui Liu",
	booktitle = ICCARV,
	year = 2010
}

@article{Peng_etal_IJVC09,
	title = "Extended Phase Field Higher-Order Active Contour Models for Networks",
	author = "Ting Peng and Ian H. Jermyn and V\'{e}ronique Prinet and Josiane Zerubia",
	journal = IJCV,
	volume = 88, 
	number = 1,
	pages = "111--128",
	year = 2009
}

@inproceedings{Dabbah_etal_MICCAI10,
	title = "Dual-Model Automatic Detection of Nerve-Fibres in Corneal Confocal Microscopy Images",
	author = "M. A. Dabbah and J. Graham and I. Petropoulos and M. Tavakoli and R. A. Malik",
	booktitle = MICCAI,
	year = 2010
}

@article{Dabbah_etal_MIA11,
	title = "Automatic analysis of diabetic peripheral neuropathy using multi-scale quantitative morphology of nerve fibres in corneal confocal microscopy imaging",
	author = "M. A. Dabbah and J. Graham and I. N. Petropoulos and M. Tavakoli and R. A. Malik",
	journal = MIA,
	volume = 15,
	pages = "738--747",
	year = 2011
}

@inproceedings{Vicente_etal_CVPR08,
	title = "Graph cut based image segmentation with connectivity priors",
	author = "Sara Vicente and Vladimir Kolmogorov and Carsten Rother",
	booktitle = CVPR,
	year = 2008
}

@article{Kass_etal_IJCV88,
	title = "Snakes: {A}ctive contour models",
	author = "M. Kass and A. Witkin and D. Terzopoulos",
	journal = IJCV,
	volume = 1,
	number = 4,
	pages = "321--331",
	month = jan,
	year = 1988
}

@article{Kirbas_Quek_ACMCS04,
	title = "A Review of Vessel Extraction Techniques and Algorithms",
	author = "Cemil Kirbas and Francis Quek",
	journal = ACMCS,
	volume = 36,
	number = 2,
	pages = "81--121",
	month = jun,
	year = 2004
}

@article{Mawson_Shore_JMET98,
	title = "Comparison of {C}api{F}low and frame by frame analysis for the assessment of capillary red blood cell velocity",
	author = "D. M. Mawson and A. C. Shaw",
	journal = "J Medica Eng Tech",
	volume = 22,
	number = 2,
	pages = "53--63",
	year = 1998
}

@article{Wu_etal_MR09,
	title = "Red blood cell velocity measurements of complete capillary in finger nail-fold using optical flow estimation",
	author = "C.-C. Wu and G. Zhang and T.-C. Huang and K.-P. Lin",
	journal = "Microvascular Research",
	volume = 78,
	pages = "319--324",
	year = 2009
}

@inproceedings{Sun_etal_ECCV08,
	title = "Learning Optical Flow",
	author = "D. Sun and S. Roth and J. P. Lewis and M. J. Black",
	booktitle = ECCV,
	volume = 3,
	pages = "83--97",
	year = 2008
}

@article{Bruhn_etal_IJCV05,
	title = "Lucas/{K}anade Meets {H}orn/{S}chunck: {C}ombining Local and Global Optic Flow Methods",
	author = "A. Bruhn and J. Weickert and C. Schnorr",
	journal = IJCV,
	volume = 61,
	number = 3,
	pages = "211--231",
	year = 2005
}

@article{Horn_Schunk_AI81,
	title = "Determining Optical Flow",
	author = "B. K. P. Horn and B. G. Schunk",
	journal = AI,
	volume = 17,
	pages = "185--203",
	month = aug,
	year = 1981
}

@article{Baker_etal_IJCV11,
	title = "A Database and Evaluation Methodology for Optical Flow",
	author = "S. Baker and D. Scharstein and J. P. Lewis and S. Roth and M. J. Black and R. Szeliski",
	journal = IJCV,
	volume = 92,
	pages = "1--31",
	year = 2011
}

@article{Barron_etal_IJCV94,
	title = "Performance of Optical Flow Techniques",
	author = "J. L. Barron and D. J. Fleet and S. S. Beauchemin",
	journal = IJCV,
	volume = 12,
	number = 1,
	pages = "43-77",
	year = 1994
}

@inproceedings{Kovesi_DICTA10,
	title = "Fast Almost-Gaussian Filtering",
	author = "Peter Kovesi",
	booktitle = DICTA,
	year = 2010
}

@article{Ayres_Rangayyan_JEI07,
	title = "Design and performance analysis of oriented feature detectors",
	author = "F\'{a}bio J. Ayres and Rangaraj M. Rangayyan",
	journal = JEI,
	volume = 16,
	number = 2,
	year = 2007
}

@article{Bay_etal_CVIU08,
	title = "Speeded-Up Robust Features ({SURF})",
	author = "Herbert Bay and Andreas Ess and Tinne Tuytelaars and Luc Van Gool",
	journal = CVIU,
	volume = 110,
	pages = "346--359",
	year = 2008
}

@article{Hart_etal_IJMI99,
	title = "Measurement and classification of retinal vascular tortuosity",
	author = "W. E. Hart and M. Goldbaum and B. C\^ot\'e and P. Kube and M. R. Nelson",
	journal = "Int. J Med. Informatics",
	volume = 53,
	pages = "239--252",
	year = 1999
}

@article{Baker_Matthews_IJCV04,
	author = "S. Baker and I. Matthews",
	title = "Lucas-{K}anade 20 Years On : A Unifying Framework. Part {I} : {T}he Quantity Approximated, the Warp Update Rule and the Gradient Descent Approximation",
	journal = IJCV,
	year = 2004
}

@article{Jones_etal_TMI01,
	title = "A Proposed Taxonomy for Nailfold Capillaries Based on Their Morphology",
	author = "B. F. Jones and M. Oral and C. W. Morris and E. F. J. Ring",
	journal = TMI,
	volume = 20,
	number = 4,
	pages = "333--341",
	month = apr,
	year = 2001
}

@article{Murray_etal_AR09,
	title = "Noninvasive Imaging Techniques in the Assessment of Scleroderma Spectrum Disorders",
	author = "A. K. Murray and T. L. Moore and J. B. Manning and C. Taylor and C. E. M. Griffiths and A. L. Herrick",
	journal = "Arthritis Rheum",
	volume = 61,
	number = 8,
	pages = "1103-11",
	year = 2009
}

@article{Mayes_etal_AR03,
	title = "Prevalence, incidence, survival, and disease characteristics of systemic sclerosis in a large US population",
	author = "M. Mayes and J. Lacey and J. Beebe-{D}immer and B. Gillespie and B. Cooper and T. Laing and D. Schottenfeld",
	journal = "Arthritis Rheum",
	volume = 48,
	pages = "2246-55",
	year = 2003
}

@article{Cutolo_etal_BPRCR08,
	title = "Capillaroscopy",
	author = "M. Cutolo and C. Pizzorni and M. E. Secchi and A. Sulli",
	journal = "Best Practice and Research Clinical Rheumatology",
	volume = 22,
	number = 6,
	pages = "1093--1108",
	year = 2008
}

@article{Thomas_etal_BMJ12,
	title = "Incidence of diabetic retinopathy in people with type 2 diabetes mellitus attending the Diabetic Retinopathy Screening Service for Wales: retrospective analysis",
	author = "R. L. Thomas and F. Dunstan and S. D. Luzio and S. R. Chowdury and S. L. Hale and R. V. North and R. L. Gibbins and D. R. Owens",
	journal = BMJ,
	year = 2012
}

@article{Huang_etal_MR10,
	title = "Experimental estimation of blood flow velocity through simulation of intravital microscopic imaging in micro-vessels by different image processing methods",
	author = "T.-C. Huang and W.-C. Lin and C.-C. Wu and G. Zhang and K.-P. Lin",
	journal = MR,
	volume = 80,
	pages = "477--483",
	year = 2010
}

