 
@inproceedings{Ayres_Rangayyan_SPIE04,
	title = "Detection of Architectural Distortion in Mammograms using Phase Portraits",
	author = "F. J. Ayres and R. M. Rangayyan",
	booktitle = SPIE-MI,
	year = 2004
}


@article{Ayres_Rangayyan_EMBM03,
	title = "Characterization of Architectural Distortion in Mammograms",
	author = "F. J. Ayres and R. M. Rangayyan",
	journal = EMBM,
	year = 2003
}

@inproceedings{Eltonsy_etal_CARS06,
	title = "Investigating performance of a morphology-based CAD scheme in detecting architectural distortion in screening mammograms",
	author = "N. Eltonsy and G. Tourassi and A. Elmaghraby",
	booktitle = CARS,
	year = 2006
}

@article{Guo_etal_JoP05,
	title = "Investigation of support vector machine for the detection of architectural distortion in mammographic images",
	author = "Q. Guo and J. Shao and V. Ruiz",
	journal = JoP,
	year = 2005
}


@inproceedings{Ichikawa_etal_SPIE04,
	title = "Automated detection method for architectural distortion areas on mammograms based on morphological processing and surface analysis",
	author = "T. Ichikawa and T. Matsubara and T. Hara and H. Fujita and T. Endo and T. Iwase",
	booktitle = SPIE-MI,
	year = 2004,
}


@inproceedings{Matsubara_etal_CARS03,
	title = "Automated detection methods for architectural distortions around skinline and within mammary gland on mammograms",
	author = "T. Matsubara and T. Ichikawa and T. Hara and H. Fujita and S. Kasai and T. Endo and T. Iwase",
	booktitle = CARS,
	year = 2003
}


@article{Rangayyan_Ayres_CARS06,
	title = "Detection of architectural distortion in mammograms using a shape-constrained phase portrait model",
	author = "R. M. Rangayyan and F. J. Ayres",
	journal = CARS,
	year = 2006
}

@article{Rangayyan_Ayres_MBEC06,
	title = "Gabor filters and phase portraits for the detection of architectural distortion in mammograms",
	author = "R. M. Rangayyan and F. J. Ayres",
	journal = MBEC,
	year = 2006
}

@article{Ayres_Rangayyan_IJCARS07,
	title = "Reduction in false positives in the detection of architectural distortion in mammograms by using a geometrically constrained phase portrait model",
	author = "F. J. Ayres and R. M. Rangayyan",
	journal = IJCARS,
	year = 2007
}

@article{Rangayyan_etal_IJCARS08,
	title = "Detection of architectural distortion in prior screening mammograms using Gabor filters, phase portraits, fractal dimension and texture analysis",
	author = "R. M. Rangayyan and S. Prajna and F. J. Ayres and J. E. Leo {D}esautels",
	journal = IJCARS,
	year = 2008
}

@inproceedings{Sampat_etal_SPIE05,
	title = "Evidence based detection of spiculated masses and architectural distortions",
	author = "M. P. Sampat and G. J. Whitman and M. K. Markey and A. C. Bovnik",
	booktitle = SPIE-MI,
	year = 2005
}

@inproceedings{Hara_etal_IWDM06,
	title = "Automated Detection Method for Architectural Distortion with Spiculation Based on Distribution Assessment of Mammary Gland on Mammogram",
	author = "T. Hara and T. Makita and T. Matsubara and H. Fujita and Y. Inenaga and T. Endo and T. Iwase",
	booktitle = IWDM,
	year = 2006
}

@inproceedings{Matsubara_etal_CARS04,
	title = "Novel method for detecting mammographic architectural distortion based on concentration of mammary gland",
	author = "T. Matsubara and T. Ichikawa and T. Hara and H. Fujita and S. Kasai and T. Endo and T. Iwase",
	booktitle = CARS,
	year = 2004
}


@inproceedings{Matsubara_etal_CARS05,
	title = "Detection method for architectural distortion based on analysis of structure of mammary gland on mammograms",
	author = "T. Matsubara and D. Fukuoka and N. Yagi and T. Hara and H. Fujita and Y. Inenaga and S. Kasai and A. Kano and T. Endo and T. Iwase",
	booktitle = CARS,
	year = 2005
}


@article{Nemoto_etal_IJCARS09,
	title = "A pilot study of architectural distortion detection in mammograms based on characteristics of line shadows",
	author = "M. Nemoto and S. Honmura and A. Shimizu and D. Furukawa and H. Kobatake and S. Nawano",
	journal = IJCARS,
	volume = 4,
	number = 1,
	pages = "27--36",
	year = 2009
}

@article{Banik_etal_TMI11,
	title = "Detection of architectural distortion in prior mammograms",
	author = "S. Banik and R. M. Rangayyan and J. E. L. Desautels",
	journal = TMI,
	volume = 30,
	number = 2,
	pages = "279--294",
	month = feb,
	year = 2011
}

@inproceedings{Nakayama_etal_CARS08,
	title = "Computer-aided diagnosis scheme for detection of architectural distortion on mammograms using multiresolution analysis",
	author = "R. Nakayama and R. Watanabe and T. Kawamura and T. Takada and K. Yamamoto and K. Takeda",
	booktitle = CARS,
	pages = "S418--S419",
	year = 2008
}

@article{Ferrari_etal_TMI01,
	title = "Analysis of asymmetry in mammograms via directional filtering with {G}abor wavelets",
	author = "R. J. Ferrari and R. M. Rangayyan and J. E. L. Desautels and A. F. Frere",
	journal = TMI,
	volume = 20,
	number = 9,
	pages = "953--964",
	month = sep,
	year = 2001
}

@inproceedings{Suckling_etal_IWDM94,
	title = "The {M}ammographic {I}mage {A}nalysis {S}ociety digital mammogram database",
	author = "J. Suckling and J. Parker and D. R. Dance and S. Astley and I. Hutt and C. Boggis and I. Ricketts and E. Stamatakis and N. Cerneaz and S. L. Kok and P. Taylor and D. Betal and J. Savage",
	booktitle = IWDM,
	year = 1994
}

@article{Alto_etal_AT03,
	title = "An indexed atlas of digital mammograms for computer-aided diagnosis of breast cancer ",
	author = "H. Alto and R. M. Rangayyan and R. B. Paranjape and J. E. L. Desautels and H. Bryant",
	journal = AT,
	volume = 58,
	number = "5--6",
	pages = "820--835",
	year = 2003
}

@article{Selesnick_etal_SPM05,
	title = {The Dual-Tree Complex Wavelet Transform},
	author = "I. W. Selesnick and R. G. Baraniuk and N. G. Kingsbury",
	journal = SPM,
	pages = "123--151",
	month = nov,
	year = 2005
}

@article{Kingsbury_PTRSLA99,
	title = "Image processing with complex wavelets",
	author = "N. Kingsbury",
	journal = PTRSLA,
	volume = 357,
	pages = "2543--2560",
	year = 1999
}

@inproceedings{Kingsbury_ECSP06,
	author = "N. Kingsbury",
	title = "Rotation-Invariant Local Feature Matching with Complex Wavelets",
	booktitle = "Proc. European Conf. Sig. Proc."
	year = 2006
}

@inproceedings{Dixon_Taylor_IPC79,
	title = "Automated asbestos fiber counting",
	author = "R. N. Dixon and C. J. Taylor",
	booktitle = IPC,
	year = 1979
}

@article{Zwiggelaar_etal_TMI04,
	title = "Linear structures in mammographic images: {D}etection and classification",
	author = "R. Zwiggelaar and S. M. Astley and C. R. M. Boggis and C. J. Taylor",
	journal = TMI,
	volume = 23, 
	number = 9,
	pages = "1077--1086",
	month = sep,
	year = 2004
}

@article{Zwiggelaar_etal_MIA99,
	title = "Model-based detection of spiculated lesions in mammograms",
	author = "R. Zwiggelaar and T. C. Parr and J. E. Schaumm and I. W. Hutt and C. J. Taylor and S. M. Astley and C. R. M. Boggis",
	journal = MIA,
	volume = 3,
	number = 1,
	pages = "39--62",
	year = 1999
}

@inproceedings{Berks_etal_IPMI11,
	title = "Detecting and classifying linear structures in mammograms using {R}andom {F}orest",
	author = "Authors",
	booktitle = IPMI,
	year = 2011
}

@article{Papari_Petkov_IVC11,
	title = "Edge and line oriented contour detection: {S}tate of the art",
	author = "G. Papari and N. Petkov",
	journal = IVC,
	volume = 29,
	pages = "79--103",
	year = 2011
}

@article{Lindeberg_IJCV98b,
	title = "Edge Detection and Ridge Detection with Automatic Scale Selection",
	author = "T. Lindeberg",
	journal = IJCV,
	volume = 30,
	number = 2,
	pages = "117--154",
	year = 1998
}

@article{Huo_etal_MP95,
	author = "Z. Huo and M. L. Giger and C. J. Vyborny",
	title = "Analysis of spiculation in the computerized classification of mammographic masses",
	journal = MP,
	volume = 22,
	pages = "1569–-1579",
	year = 1995
}

@article{Baeg_Kehtarnavaz_ELCVIA02,
	title = "Classification of breast mass abnormalities using denseness and architectural distortion",
	author = "S. Baeg and N. Kehtarnavaz",
	journal = ELCVIA,
	volume = 1,
	number = 1,
	pages = "1--20",
	year = 2002
}

@article{Hu_etal_TIM11,
	title = "Detection of Suspicious Lesions by Adaptive Thresholding Based on Multiresolution Analysis in Mammograms",
	author = "K. Hu and X. Gao and F. Li",
	journal = TIM,
	year = 2011
}

@inproceedings{Eltonsy_etal_EMBC04,
	title = "Morphological concentric layer analysis for automated detection of suspicious masses in screening mammograms",
	author = "N. Eltonsy and H. E. Rickard and G. Tourassi and A. Elmaghraby",
	booktitle = EMBC,
	year = 2004
}

@inproceedings{Eltonsy_etal_SPIT05,
	title = "Error investigation of models for improved detection of masses in screening mammography",
	author = "N. Eltonsy and E. Essock-{B}urns and G. Tourassi and A. Elmaghraby",
	booktitle = SPIT,
	pages = "794--799",
	year = 2005
}

@article{Eltonsy_etal_TMI07,
	title = "A concentric morphology model for the detection of masses in mammography",
	author = "N. H. Eltonsy and G. D. Tourassi and A. S. Elmaghraby",
	journal = TMI,
	volume = 26,
	number = 6,
	pages = "880--889",
	month = jun,
	year = 2007
}

@article{Li_etal_TMI95,
	title = "Markov {R}andom {F}ield for tumor detection in digital mammography",
	author = "H. D. Li and M. Kallergi and L. P. Clarke and V. K. Jain and R. A. Clark",
	journal = TMI,
	volume = 14,
	number = 3,
	pages = "565--576",
	month = sep,
	year = 1995
}

@article{Li_etal_TMI01a,
	title = "Computerized Radiographic Mass Detection -- {P}art {I}: {L}esion Site Selection by Morphological Enhancement and Contextual Segmentation",
	author = "H. Li and K. J. R. Liu and S.-C. B. Lo and M. T. Freedman",
	journal = TMI,
	volume = 20,
	number = 4,
	pages = "289--301",
	month = apr,
	year = 2001
}

@article{Karssemeijer_teBrake_TMI96,
	title = "Detection of stellate distortions in mammograms",
	author = "N. Karssemeijer and G. M. {t}e {B}rake",
	journal = TMI,
	volume = 15,
	number = 5,
	pages = "611--619",
	month = oct,
	year = 1996
}

@inproceedings{Zou_etal_IWDM08,
	title = "Gradient vector flow fields and spiculated mass detection in digital mammography images",
	author = "F. Zou and Y. Zheng and Z. Zhou and K. Agyepong",
	booktitle = IWDM,
	pages = "299-306",
	year = 2008
}

@inproceedings{Ball_Bruce_EMBC07,
	title = "Digital mammogram spiculated mass detection and spicule segmentation using level sets",
	author = "J. E. Ball and L. M. Bruce",
	booktitle = EMBC,
	year = 2007
}

@phdthesis{Ball_PhD07,
	title = "Three stage level set segmentation of mass core, periphery and spiculations for automated image analysis of digital mammograms",
	author = "J. E. Ball",
	school = "Mississippi State Univ.",
	year = 2007
}

@article{Felsberg_Sommer_TSP01,
	title = "The Monogenic Signal",
	author = "M. Felsberg and G. Sommer",
	journal = TSP,
	volume = 49,
	number = 12,
	pages = "3136--3144",
	month = dec,
	year = 2001
}

@article{Daugman_TCSVT04,
	title = "How iris recognition works",
	author = "J. Daugman",
	journal = TCSVT,
	volume = 14,
	number = 1,
	pages = "21--30",
	month = jan,
	year = 2004
}

@inproceedings{Lienhart_Maydt_ICIP02,
	title = "An Extended Set of Haar-like Features for Rapid Object Detection",
	author = "R. Lienhart and J. Maydt",
	booktitle = ICIP,
	year = 2002
}

@inproceedings{vanEngeland_Karssemeijer_IWDM06,
	title = "Exploitation of correspondence between {CC} and {MLO} views in computer aided mass detection",
	author = "S. {van} Engeland and N. Karssemeijer",
	booktitle = IWDM,
	year = 2006
}

@inproceedings{Kita_etal_CVPR98,
	title = "Correspondence between different view breast {X}-rays using a simulation of breast deformation",
	author = "Y. Kita and R. Highnam and M. Brady",
	booktitle = CVPR,
	year = 1998
}

@article{vanEngeland_etal_TMI03,
	title = "A comparison of methods for mammogram registration",
	author = "S. {van} Engeland and P. Snoeren and J. Hendricks and N. Karssemeijer",
	journal = TMI,
	volume = 22,
	number = 11,
	pages = "1436--1444",
	month = nov,
	year = 2003
}

@article{Rangayyan_etal_JFI07,
	title = "A review of computer-aided diagnosis of breast cancer: {T}oward the detection of subtle signs",
	author = "R. M. Rangayyan and F. J. Ayres and J. E. Leo {D}esautels",
	journal = "Journal of the Franklin Institute",
	volume = 344,
	pages = "312--348",
	year = 2007
}

@inproceedings{Comer_etal_IWDM96,
	title = "Statistical segmentation of mammograms",
	author = "M. L. Comer and S. Liu and E. J. Delp",
	booktitle = IWDM,
	year = 1996
}

@article{Kupinski_Giger_TMI98,
	title = "Automated Seeded Lesion Segmentation on Digital Mammograms",
	author = "M. A. Kupinski and M. L. Giger",
	journal = TMI,
	volume = 17,
	number = 4,
	pages = "510--517",
	month = aug,
	year = 1998
}

@article{Otsu_TSMC79,
	title = "A threshold selection method from gray-level histograms",
	author = "N. Otsu",
	journal = TSMC,
	volume = 9,
	number = 1,
	pages = "62--66",
	month = jan,
	year = 1979
}

@inproceedings{Mini_Thomas_TENCON03,
	title = "A neural network based method for mammogram analysis based on statistical features",
	author = "M. G. Mini and T. Thomas",
	booktitle = TENCON,
	year = 2003
}

@article{Haralick_etal_TSMC73,
	title = "Texture features for image classification",
	author = "R. M. Haralick and K. Shanmugam and I. Dinstein",
	journal = TSMC,
	volume = 3,
	number = 6,
	pages = "610--621",
	month = nov,
	year = 1973
}

@article{Haralick_IEEE79,
	title = "Statistical and structural approaches to texture",
	author = "R. M. Haralick",
	journal = IEEE,
	volume = 67,
	number = 5,
	pages = "786--804",
	month = may,
	year = 1979
}

@article{Freeman_Adelson_TPAMI91,
	title = "The design and use of steerable filters",
	author = "W. T. Freeman and E. H. Adelson",
	journal = TPAMI,
	volume = 13,
	number = 9,
	pages = "891--906",
	month = sep,
	year = 1991
}

@inproceedings{Laws_IUW79,
	title = "Texture energy measures",
	author = "K. I. Laws",
	booktitle = IUW,
	pages = "47--51",
	year = 1979
}

@inproceedings{Laws_SPIE80,
	title = "Rapid texture identification",
	author = "K. I. Laws",
	booktitle = SPIE,
	volume = 238,
	pages = "376--380",
	year = 1980
}

@article{Koenderink_vanDoorn_TPAMI92,
	title = "Generic Neighbourhood operators",
	author = "J. J. Koenderink and A. J. {van} Doorn",
	journal = TPAMI,
	volume = 14,
	number = 6,
	pages = "597--605",
	month = jun,
	year = 1992
}

@article{Daugman_TASSP88,
	title = "Complete Discrete 2-D Gabor Transforms by Neural Networks for Image Analysis and Compression",
	author = "J. G. Daugman",
	journal = TASSP,
	volume = 36,
	number = 7,
	pages = "1169--1179",	
	month = jul,
	year = 1988
}

@article{Tourassi_etal_PMB06,
	title = "A study on the computerized fractal analysis of architectural distortion in screening mammograms",
	author = "G. D. Tourassi and D. M. Delong and C. E. Floyd {J}r",
	journal = PMB,
	pages = "1299--1312",
	year = 2006
}

@article{Rao_Jain_TPAMI92,
	title = "Computerized flow field analysis: {O}riented texture fields",
	author = "A. R. Rao and R. C. Jain",
	journal = TPAMI,
	volume = 14,
	number = 7,
	pages = "693--709",
	month = jul,
	year = 1992
}

@article{Rao_Schunck_CVGIP91,
	title = "Computing oriented texture fields",
	author = "A. R. Rao and B. C. Schunck",
	journal = CVGIP,
	volume = 53,
	number = 2,
	pages = "157--185",
	month = mar,
	year = 1991
}

@article{Kass_witkin_CVGIP87,
	title = "Analyzing oriented patterns",
	author = "M. Kass and A. Witkin",
	journal = CVGIP,
	volume = 37,
	pages = "362--385",
	year = 1987
}

@article{Perona_TIP98,
	title = "Orientation Diffusions",
	author = "P. Perona",
	journal = TIP,
	volume = 7,
	number = 3,
	pages = "457-467",
	month = mar,
	year = 1998
}

@article{Mei_etal_IVC09,
	title = "A gradient-based combined method for the computation of fingerprints’ orientation field",
	author = "Y. Mei and H. Sun and D. Xia",
	journal = IVC,
	volume = 27,
	pages = "1169--1177",
	year = 2009
}

@article{Li_etal_PR06,
	title = "Constrained nonlinear models offingerprint orientations with prediction",
	author = "J. Li and W.-Y. Yau and H. Wang",
	journal = PR,
	volume = 39,
	pages = "102--114",
	year = 2006
}

@article{Bazen_Gerez_TPAMI02,
	title = "Systematic Methods for the Computation of the Directional Fields and Singular Points of Fingerprints",
	author = "A. M. Bazen and S. H. Gerez",
	journal = TPAMI,
	volume = 24,
	number = 7,
	pages = "905--919",
	month = jul,
	year = 2002
}

@article{Gu_etal_PR04,
	title = "A combination model for orientation field of fingerprints",
	author = "J. Gu and J. Zhou and D. Zhang",
	journal = PR,
	volume = 37,
	pages = "543--553",
	year = 2004
}

@article{Sherlock_Munro_PR93,
	title = "A model for interpreting fingerprint topology",
	author = "B. G. Sherlock and D. M. Munro",
	journal = PR,
	volume = 26,
	number = 7,
	pages = "1047--1055",
	year = 1993
}

@article{Karu_Jain_PR96,
	title = "Fingerprint classification",
	author = "K. Karu and A. K. Jain",
	journal = PR,
	volume = 29,
	number = 3,
	pages = "389--404",
	year = 1996
}

@article{Jain_etal_TIP00,
	title = "Filterbank-based fingerprint matching",
	author = "A. K. Jain and S. Prabhakar and L. Hong and S. Pankanti",
	journal = TIP,
	volume = 9,
	number = 5,
	pages = "846--859",
	month = may,
	year = 2000
}

@article{Staal_etal_TMI04,
	title = "Ridge-based vessel segmentation in color images of the retina",
	author = "J. Staal and M. D. Abr\`amoff and M. Niemeijer and M. A. Viergever and B. {van} Ginneken",
	journal = TMI,
	volume = 23,
	number = 4,
	pages = "501--509",
	month = apr,
	year = 2004
}

@article{Ricci_Perfetti_TMI07,
	title = "Retinal Blood Vessel Segmentation Using Line Operators and Support Vector Classification",
	author = "E. Ricci and R. Perfetti",
	journal = TMI,
	volume = 26,
	number = 10,
	pages = "1357--1365",
	month = oct,
	year = 2007
}

@article{Hart_etal_IJMI99,
	title = "Measurement and classification of retinal vascular tortuosity",
	author = "W. E. Hart and M. Goldbaum and B. C\^ot\'e and P. Kube and M. R. Nelson",
	journal = "Int. J Med. Informatics",
	volume = 53,
	pages = "239--252",
	year = 1999
}

@inproceedings{Dabbah_etal_MICCAI10,
	title = "Dual-Model Automatic Detection of Nerve-Fibres in Corneal Confocal Microscopy Images",
	author = "M. A. Dabbah and J. Graham and I. Petropoulos and M. Tavakoli and R. A. Malik",
	booktitle = MICCAI,
	year = 2010
}

@book{Mardia_Jupp_00,
	title = "Directional Statistics",
	author = "K. V. Mardia and P. E. Jupp",
	publisher = "Wiley Series in Probability and Statistics",
	year = 2000,
	note = "ISBN 0471953334"
}

