%%% Conferences %%%

@string{ICCV 		= "Proc. {IEEE} Int. Conf. on Comp. Vis."}
@string{CVPR 		= "Proc. {IEEE} Conf. on Comp. Vis. and Patt. Recog."}
@string{ICPR 		= "Proc. {IEEE} Int. Conf. on Patt. Recog."}
@string{AFGR 		= "Proc. {IEEE} Int. Conf. on Automatic Face and Gesture Recognition"}
@string{ICAFGR		= "Proc. {IEEE} Int. Conf. on Automatic Face and Gesture Recognition"}
@string{ICRA 		= "Proc. {IEEE} Int. Conf. on Robotics and Automation"}
@string{IROS 		= "Proc. {IEEE/RSJ} Conf. on Intelligent Robots and Systems"}
@string{ICSMC		= "Proc. {IEEE} Int. Conf. on Systems, Man and Cybernetics"}
@string{ICALIP		= "Proc. {IEEE} Int. Conf. on Audio, Language and Image Processing"}
@string{ECCV 		= "Proc. European Conf. on Computer Vision"}
@string{BMVC 		= "Proc. British Machine Vision Conf."}
@string{AVC		= "Proc. Alvey Vision Conf."}
@string{ISRR	 	= "Proc. Int. Symposium on Robotics Research"}
@string{CDC88 		= "Proc. Int. Conf. on Decision and Control"}
@string{ICARCV		= "Proc. Int. Conf. Automation, Robotics and Computer Vision"}
@string{TDIM		= "Proc. Int. Conf. on 3{D} Digital Imaging and Modeling"}
@string{ICML		= "Proc. Int. Conf. on Machine Learning"}
@string{ICIP		= "Proc. Int. Conf. on Image Processing"}

@string{EMBC		= "Proc. Int. Conf. of the {IEEE} Engineering in Medicine and Biology Society"}
@string{IFESS		= "Proc. Int. Functional Electrical Stimulation Society Conf."}
@string{ICSMC		= "Proc. Int. Conf. on Systems, Man and Cybernetics"}
@string{IPMI		= "Proc. Int. Conf. on Information Processing in Medical Imaging"}
@string{AVBPA		= "Proc. Int. Conf. on Audio- and Video-based Biometric Person Authentication"}
@string{MICCAI		= "Proc. Int. Conf. on Medical Imaging Computing and Computer Assisted Intervention"}
@string{IPMI		= "Proc. Int. Conf. on Information Processing in Medical Imaging"}
@string{SCS		= "Proc. Interface Symposium on Computing and Statistics"}
@string{ESANN		= "Proc. European Symposium on Artificial Neural Networks"}
@string{UAI		= "Proc. Conf. on Uncertainty in Artificial Intelligence"}
@string{NIPS		= "Proc. Advances in Neural Information Processing Systems"}
@string{VLDB		= "Proc. Very Large Data Bases Conference"}
@string{SPIEMI		= "Proc. SPIE Int. Conf. on Medical Imaging"}
@string{SPIE-MI		= "Proc. SPIE Int. Conf. on Medical Imaging"}
@string{SIGGRAPH	= "Proc. Conf. of ACM SIGGraph"}
@string{SCIA		= "Proc. Scandinavian Conf. on Image Analysis"}
@string{ICIAP		= "Proc. Int. Conf. on Image Analysis and Processing"}
@string{ICB		= "Proc. Int. Conf. on Biometrics"}

@string{WCB		= "Proc. World Conference of Biomechanics"}
@string{SPIT		= "Proc. {IEEE} Int. Symp. Sig. Proc. Inf. Tech."}
@string{CARS		= "Proc. Int. Congress and Exhibition on Comp. Ass. Radiol. and Surg."}
@string{TENCON		= "Proc. {IEEE} Conf. on Convergent Tech. for Asia-Pacific Region"}
@string{IPC		= "Proc. Inst. Phys. Conf."}
@string{CVVRRM		= "Proc. Int. Conf. on Computer Vision, Virtual Reality and Robotics in Medicine"}
@string{IPA		= "Proc. {IEE} Conf. on Image Proc. and its Applications"}
@string{ELMAR		= "Proc. Int. Symp. ELMAR"}


%%% Workshops %%%

@string{WACV		= "Proc. {IEEE} Workshop on Applications of Computer Vision"}
@string{MVA		= "Proc. {IAPR} Workshop on Machine Vision Applications"}
@string{WRVS		= "Proc. {IEEE} Workshop on Representations of Visual Scenes"}
@string{AMFG		= "Proc. {IEEE} Int. Workshop on Analysis and Modeling of Faces and Gestures"}
@string{HMAS		= "Proc. {IEEE} Workshop on Human Modelling, Analysis and Synthesis"}
@string{WHMA		= "Proc. {IEEE} Workshop on Human Motion"}
@string{SCTV		= "Proc. {IEEE} Workshop on Statistical and Computational Theories of Vision"}
@string{V4HCI		= "Proc. {IEEE} Workshop on Vision for Human-Computer Interaction"}
@string{WNRTL		= "Proc. {IEEE} Workshop on Non-rigid Registration and Tracking through Learning"}
@string{WBiom		= "Proc. {IEEE} Comp. Soc. Workshop on Biometrics"}
@string{VAMODS		= "Proc. Workshop on Vision and Modelling of Dynamic Scenes"}
@string{China 		= "Proc. Joint Europe-China Workshop on Geometrical Modelling and Invariants for Computer Vision"}
@string{EGCAS		= "Proc. Eurographics Workshop on Animation and Simulation"}
@string{IUW		= "Proc. Image Understanding Workshop"}
@string{WSM		= "Proc. {IEEE} Int. Workshop on Subspace Models"}
@string{WSL		= "Proc. Workshop on Statistical Learning in Computer Vision"}

@string{IWDM		= "Proc. Int. Workshop on Digital Mammography"}
@string{IWSSIP		= "Proc. Int. Conf. Systems, Signals and Image Proc."}
@string{DSSCV		= "Proc. Int. Workshop on Deep Structure, Singularities and Comp. Vis."}


%%% IEEE Transactions %%%

@string{TIEEE		= "Trans. of the {IEEE}"}
@string{PAMI 		= "{IEEE} Trans. Pattern Anal. Mach. Intell."}
@string{TPAMI 		= "{IEEE} Trans. Pattern Anal. Mach. Intell."}
@string{TRA 		= "{IEEE} Trans. Robot. Autom."}
@string{SMC		= "{IEEE} Trans. Syst., Man, Cybern."}
@string{TSMC		= "{IEEE} Trans. Syst., Man, Cybern."}
@string{TSMCA		= "{IEEE} Trans. Syst., Man, Cybern. A, Syst., Humans"}
@string{TSMCB		= "{IEEE} Trans. Syst., Man, Cybern. B, Cybern."}
@string{TSMCC		= "{IEEE} Trans. Syst., Man, Cybern. C, Appl. Rev."}
@string{TFS		= "{IEEE} Trans. Fuzzy Syst."}
@string{TMI		= "{IEEE} Trans. Med. Imag."}
@string{TNN		= "{IEEE} Trans. Neural Netw."}
@string{IP 		= "{IEEE} Trans. Image Process."}
@string{TIP 		= "{IEEE} Trans. Image Process."}
@string{JRA 		= "{IEEE} Trans. Robot. Autom."}
@string{TComp 		= "{IEEE} Trans. Computers"}
@string{TIM		= "{IEEE} Trans. Instrum. and Meas."}
@string{TSP		= "{IEEE} Trans. Sig. Proc."}
@string{SPL		= "{IEEE} Sig. Proc. Lett."}
@string{TCSVT		= "{IEEE} Trans. Circ. Sys. for Video Tech."}
@string{TASSP		= "{IEEE} Trans. Acoustics, Speech and Sig. Proc."}

@string{TBE		= "{IEEE} Trans. Biomed. Eng."}
@string{TBME		= "{IEEE} Trans. Biomed. Eng."}
@string{TRE		= "{IEEE} Trans. Rehabil. Eng."}
@string{NSRE		= "{IEEE} Trans. Neural Syst. Rehabil. Eng."}
@string{TNSRE		= "{IEEE} Trans. Neural Syst. Rehabil. Eng."}
@string{TITB		= "{IEEE} Trans. Inf. Technol. Biomed."}


%%% Journals %%%

@string{IJCV 		= "Int. J. Comput. Vis."}
@string{CVGIP 		= "Comput. Vision Graph."}
@string{CVGIPIU		= "{CVGIP}: Image Und."}
@string{CVIU 		= "Comput. Vis. Image Und."}
@string{IVC 		= "Image Vision Comput."}
@string{RTI		= "Real Time Imaging"}
@string{IJRR 		= "Int. J. of Robot. Res."}
@string{JOSA 		= "J. Opt. Soc. Am."}
@string{MI 		= "Med. Imag."}
@string{CAVW		= "Comp. Anim. Virt. Worlds"}

@string{NC		= "Neural Comput."}
@string{ML		= "Mach. Learn."}
@string{JMLR		= "J. Mach. Learn. Res."}
@string{PR		= "Pattern Recogn."}
@string{IJPRAI 		= "Int. J. Pattern Recogn."}
@string{AI 		= "Artif. Intell."}
@string{PRSLA		= "Proc. Roy. Soc. A"}
@string{PRSLB		= "Proc. Roy. Soc. B"}
@string{PTRSLA 		= "Philos. T. Roy. Soc. A"}
@string{PTRSLB 		= "Philos. T. Roy. Soc. B"}
@string{JVCIR		= "J. Vis. Commun. Image R."}
@string{JJSAI		= "J. Jpn. Soc. Artif. Intell."}
@string{JCN		= "J. Comput. Neurosci."}
@string{InfSci		= "Inf. Sciences"}
@string{AoS		= "Annals of Statistics"}
@string{JRSSA		= "J. Roy. Stat. Soc. Series A"}
@string{JRSSB		= "J. Roy. Stat. Soc. Series B"}

@string{Science		= "Science"}
@string{Nature		= "Nature"}
@string{NatNeur		= "Nat. Neurosci"}
@string{CB		= "Clin. Biomech."}
@string{IJRehabRes	= "Int. J. Rehabil. Res."}
@string{APMR		= "Arch. Phys. Med. Rehab."}
@string{JMET		= "J. Med. Eng. Tech."}
@string{NR		= "Neurol. Res."}
@string{JRRD		= "J. Rehabil. Res. Dev."}
@string{JRehabMed	= "J. Rehabil. Med."}
@string{JoB		= "J. Biomech."}
@string{JBiomechE	= "J. Biomech. Eng. -- Trans. ASME"}
@string{JHS		= "J. Hand Surg. (Am.)"}
@string{JHSUK		= "J. Hand Surg. (Brit.)"}
@string{MEP		= "Med. Eng. Phys."}
@string{PM		= "Physiol. Meas."}
@string{PRL		= "Phys. Rev. Lett."}
@string{EBR		= "Exp. Brain Res."}
@string{AoBE		= "Ann. Biomed. Eng."}
@string{ARBE		= "Annu. Rev. Biomed. Eng."}
@string{AJIM		= "Am. J. Ind. Med."}
@string{BBR		= "Behav. Brain Res."}
@string{Stroke		= "Stroke"}
@string{Brain		= "Brain"}
@string{HMS		= "Hum. Movement Sci."}
@string{MBEC		= "Med. Biol. Eng. Comput."}
@string{JEB		= "J. Exp. Biol."}
@string{NL		= "Neurosci. Lett."}
@string{Neuromod	= "Neuromodulation"}
@string{GP		= "Gait and Posture"}
@string{GandP		= "Gait and Posture"}
@string{MandN		= "Muscle and Nerve"}
@string{FMBE		= "Front. Med. Biol. Eng."}
@string{SC		= "Spinal Cord"}
@string{BSPC		= "Biomed. Signal Process. Control"}
@string{PMB		= "Phys. Med. Biol."}

@string{EMB		= "{IEEE} Engineering in Medicine and Biology Magazine"}
@string{EMBM		= "{IEEE} Engineering in Medicine and Biology Magazine"}
@string{JNER		= "J. NeuroEngineering and Rehabilitation"}
@string{IJCARS		= "Int. J. Comp. Ass. Radiol. and Surg"}
@string{JoP		= "J. Phys."}
@string{ELCVIA		= "Elec. Lett. Comp. Vis. Image Anal."}
@string{MIA		= "Med. Image Anal."}
@string{SPM		= "Sig. Proc. Magazine"}
@string{AT		= "Ann. of Telecomm."}
@string{CBR		= "Comp. and Biomed. Res."}
@string{JEI		= "J. Elec. Imaging"}
@string{JDI		= "J. Digital Imaging"}
@string{CSurv		= "{ACM} Comp. Surv."}
@string{IJMMMAS		= "Int. J. Math. Models and Methods in Appl. Sci."}
@string{JGR		= "J. Geophysical Res."}
@string{ESR		= "Earth Sci. Rev."}
@string{ACHA		= "Applied and Computational Harmonic Analysis"}


%%% Other %%%

@string{HARVARD		= "Harvard Robotics Laboratory" }
@string{INTEL		= "Intel Technology Journal"}

