 
@book{Bishop_95,
	title = "Neural networks for pattern recognition",
	author = "C. M. Bishop",
	publisher = "Clarendon Press",
	year = 1995,
	note = "ISBN 0198538646"
}

@book{Bishop_07,
	title = "Pattern recognition and machine learning",
	author = "C. M. Bishop",
	publisher = "Springer",
	year = 2007,
	note = "ISBN 0387310738"
}

@book{Hastie_etal_09,
	title = "The elements of statistical learning",
	author = "T. Hastie and R. Tibshirani and J. Friedman",
	publisher = "Springer",
	edition = 2,
	year = 2009,
	note = "ISBN 0387848576"
}

@book{Duda_etal_00,
	title = "Pattern classification",
	author = "R. O. Duda and P. E. Hart and D. G. Stork",
	publisher = "Wiley-Blackwell",
	edition = 2,
	year = 2000,
	note = "ISBN 0471056690"
}

