@inproceedings{Martin_etal_Eurospeech97,
	title = "The {DET} curve in assessment of detection task performance",
	author = "A. Martin and G. Doddington and T. Kamm and M. Ordowski and M. Przybocki",
	booktitle = Eurospeech,
	pages = "1895--1898",
	year = 1997
}

